3180 5236
715 373 937 436 ..76-

253 547 325 608 lllud
339 553 408 608 ante
420 547 569 608 saeculum
588 546 639 608 llll
652 548 709 609 iam
726 547 818 610 fuisse
833 549 913 628 quod
930 549 1135 611 demonstrare
1151 565 1212 610 nou
1227 567 1403 629 possumus,

253 646 323 708 iude
345 646 509 707 efficiemus
531 655 595 706 tum
619 647 749 726 primum
772 649 924 709 inventum
948 667 1023 720 esse,
1044 668 1105 728 quo
1128 649 1279 728 antiquior
1302 657 1331 709 et
1346 669 1401 710 or-

253 745 349 806 natior
371 746 493 806 eeclesia
510 743 684 807 videretur?
708 747 891 808 [luentzerus
907 747 1027 826 quidem
1044 766 1111 808 cum
1128 748 1248 808 uomina
1266 749 1402 808 Romana

253 845 310 905 uisi
335 845 365 905 in
387 844 565 924 oppidorum
590 845 734 904 vocabulis
757 856 904 906 reservata
928 863 989 905 nou
1013 864 1078 906 esse
1101 846 1321 932 demonstrasse
1341 846 1404 906 sihi

253 942 463 1016 videatur²⁸⁷)‚
497 962 560 1003 eam
596 961 714 1021 quoque
742 943 966 1023 appellationem
995 945 1078 1022 quasi
1107 953 1170 1004 turn
1199 965 1216 1004 a
1244 946 1403 1006 monachis

254 1043 402 1102 inventam
415 1041 499 1102 reicit
508 1041 571 1120 ²⁸⁸).
609 1044 706 1116 Quem
719 1042 745 1102 si
757 1043 867 1114 audies,
884 1043 1051 1103 Caesarium
1069 1043 1195 1104 sortasse
1211 1063 1275 1104 eam
1293 1059 1403 1105 emen-

255 1140 339 1200 titum
365 1159 430 1200 esse
452 1144 546 1201 lacere
568 1159 628 1200 nou
651 1142 762 1219 poteris
785 1141 858 1220 quin
874 1149 970 1219 putes.
1012 1142 1115 1220 Neque
1130 1150 1229 1203 tamen
1245 1160 1300 1203 nos
1317 1162 1406 1204 erra-

233 1221 336 1300 turos
358 1258 423 1299 esse
445 1257 608 1318 speramus,
634 1239 659 1298 si
682 1239 813 1318 Capitolii
837 1239 968 1300 nominis
992 1241 1166 1302 memoriam
1190 1241 1226 1302 ab
1247 1242 1333 1304 initio
1357 1243 1403 1304 illi

252 1337 391 1398 eeclesiae
423 1337 582 1398 inhaesisse
616 1338 769 1416 solamque
802 1357 934 1410 causam,
968 1340 1047 1417 quod
1083 1347 1152 1400 aute
1180 1339 1250 1400 illud
1279 1349 1403 1420 tempus

254 1438 405 1498 ecclesiam
418 1437 457 1496 id
481 1455 590 1497 nomen
614 1437 716 1498 tulisse
739 1455 800 1498 nou
817 1438 938 1508 eluceat,
962 1457 998 1498 ex
1012 1437 1110 1518 iuopia
1127 1438 1401 1501 instrumentorum

253 1537 288 1597 ad
312 1536 409 1615 priora
432 1544 564 1615 tempora
588 1535 801 1614 pertinentium
830 1545 926 1596 ortam
953 1555 1018 1596 esse
1041 1537 1266 1598 contendemus.
1312 1537 1402 1600 Certe

253 1635 368 1695 saeculo
391 1634 430 1694 Xl
461 1634 593 1713 Capitolii
619 1653 728 1696 nomeu
758 1635 911 1696 monachis
938 1643 1043 1695 notum
1075 1635 1181 1706 tuisse,
1212 1636 1280 1696 inde
1308 1645 1402 1716 patet,

253 1735 330 1812 quod
370 1729 570 1812 Gelenius²³⁸⁹)
608 1732 693 1804 dicit,
731 1733 894 1794 Marianum
933 1733 1114 1809 Scotum²⁹⁰)
1152 1733 1226 1794 libro
1264 1737 1399 1796 secundo

253 1831 404 1892 itineris
438 1830 517 1890 sive
550 1831 791 1910 periegeseos
826 1851 847 1891 s.
877 1831 977 1892 l'etri
1012 1849 1147 1900 narrare,
1181 1852 1205 1892 s.
1230 1834 1398 1896 Maternum

252 1931 330 1990 iuxta
359 1929 536 2008 Capitolium
568 1930 709 1991 deiecisse
740 1931 838 1991 lllarlis
872 1937 902 1991 et
932 1931 1057 1992 aliorum
1086 1931 1233 1994 idolorum
1263 1932 1396 2004 delubra,

253 2028 396 2090 invexisse
419 2029 488 2088 reio
511 2027 542 2088 in
566 2047 597 2088 ea
615 2027 722 2089 Christi
746 2029 857 2089 cultum
881 2036 969 2107 atque
994 2047 1087 2090 unum
1104 2030 1246 2108 Capitolio
1271 2033 1398 2094 vicinius

252 2128 374 2188 nomine
402 2147 425 2188 s.
443 2127 521 2188 Petri
546 2128 709 2189 decorasse.
761 2130 818 2189 Sed
846 2129 1001 2190 redeamus
1029 2130 1109 2189 unde
1136 2129 1257 2207 digressi
1280 2151 1397 2193 sumus.

253 2228 415 2288 Plectrudis
447 2227 537 2306 igitur
567 2248 582 2287 a
613 2229 739 2306 coniuge
766 2229 896 2306 neglecta
927 2228 1077 2289 Coloniam
1106 2229 1266 2291 devertisse
1296 2230 1400 2310 ibique

253 2327 427 2406 Capitolium
452 2328 511 2386 sive
534 2327 675 2406 palatium
699 2328 808 2388 ducum
826 2327 991 2388 dustrasiae
1014 2327 1049 2386 ad
1075 2328 1226 2389 ecclesiam
1251 2349 1275 2388 s.
1291 2327 1398 2392 Mariae

253 2425 415 2486 destinasse
436 2426 541 2487 fertur.
576 2426 648 2486 'l'ota
665 2427 810 2487 enarratio
834 2426 900 2486 licet
918 2445 985 2486 vera
1001 2444 1061 2486 nou
1077 2425 1211 2488 habenda
1227 2427 1275 2500 sit,
1297 2437 1400 2490 tamen

254 2525 314 2584 veri
343 2542 467 2601 granum
502 2524 529 2584 ei
557 2524 655 2584 inesse
684 2524 857 2584 iudicamus.
910 2524 1013 2603 Neque
1040 2524 1132 2602 igitur
1155 2525 1323 2586 llueutzero
1346 2527 1401 2588 ad-

254 2622 388 2700 stipulari
417 2641 592 2702 possumus‚
616 2622 666 2701 qui
694 2641 758 2682 eam
781 2622 865 2682 nihili
889 2641 952 2682 esse
974 2631 1007 2683 ut
1029 2624 1247 2684 demonstraret
1270 2626 1401 2686 maxime

253 2741 371 2801 operam
396 2720 547 2798 decium).
591 2722 724 2783 Primum
747 2729 846 2783 autem
871 2741 946 2801 quae
968 2721 1107 2782 historiae
1130 2723 1187 2783 lide
1210 2724 1401 2802 comprobata

253 2821 322 2893 sint,
347 2820 507 2882 videamus.
553 2821 730 2886 Plectrudis,
754 2839 829 2899 quae
853 2821 956 2899 Pipino
980 2821 1056 2881 intra
1081 2839 1174 2881 annos
1198 2820 1260 2882 670
1283 2831 1313 2883 et
1336 2821 1400 2883 675

252 2930 407 3000 nupserat,
432 2940 499 2981 cum
523 2921 647 2998 coniuge
669 2920 709 2980 ita
733 2920 890 2980 coniuncta
917 2929 980 2980 erat
1002 2929 1049 2990 et,
1073 2938 1252 2998 quamquam
1275 2921 1322 2982 ille
1346 2922 1401 2981 ali-

252 3018 395 3099 quamdiu
418 3018 606 3096 Chalpaidam
630 3017 770 3097 paelicem
795 3019 975 3097 praetulerat
1003 3026 1091 3097 alque
1114 3036 1181 3079 cum
1206 3037 1238 3079 ea
1261 3018 1400 3080 Carolnm

251 3117 414 3179 Martellum
446 3125 604 3196 genuerat.
637 3125 754 3178 tautum
783 3119 859 3197 apud
890 3136 956 3179 eum
981 3117 1107 3188 valebat,
1142 3124 1175 3177 ut
1198 3117 1329 3178 moriens
1351 3118 1401 3178 ille

251 3235 330 3277 anuo
346 3217 408 3276 714
433 3215 516 3276 uxori
539 3216 631 3276 totius
652 3216 736 3294 regni
758 3217 917 3295 imperium
934 3217 1073 3288 traderet,
1096 3217 1174 3295 quod
1195 3217 1301 3294 tenuit,
1326 3217 1400 3277 dum

251 3337 265 3376 a
288 3317 391 3376 Carolo
414 3314 547 3394 privigno
570 3325 708 3394 superata
732 3335 747 3374 e
771 3333 861 3392 regno
878 3314 1106 3394 pelleretur²⁹²).
1149 3315 1213 3386 Quo
1230 3315 1293 3374 luco
1308 3335 1399 3394 quam

251 3417 401 3476 fortunam
432 3423 534 3494 postea
562 3433 646 3493 passa
677 3413 730 3486 sit,
765 3433 825 3475 non
857 3422 991 3490 constat;
1025 3421 1141 3474 tautum
1165 3421 1295 3483 constal,
1329 3422 1400 3475 aute

252 3533 362 3578 aunum
387 3515 448 3573 717
472 3531 538 3572 eam
562 3530 624 3573 non
648 3522 795 3574 mortuam
820 3512 956 3587 essem).
1008 3513 1082 3573 Cum
1109 3519 1247 3572 autema
1272 3513 1400 3590 coniuge

251 3631 405 3692 nunquam
424 3612 579 3672 dissideret
594 3613 643 3684 ita,
669 3621 702 3672 ut
718 3631 787 3672 eum
804 3612 902 3672 virum
927 3613 1074 3672 desereret
1090 3619 1119 3671 et
1134 3611 1166 3671 in
1183 3612 1398 3672 monasterium

251 3733 282 3772 se
306 3712 464 3790 reciperet,
488 3711 560 3772 illud
583 3711 736 3772 relationis
760 3719 841 3772 recte
865 3731 896 3772 sc
919 3711 1028 3771 habere
1052 3727 1112 3770 uon
1136 3718 1250 3788 potest,
1277 3711 1329 3771 sed
1354 3711 1398 3771 vel

318 3851 361 3914 ²⁸²)
381 3851 473 3902 huual.
493 3849 583 3900 societ.
603 3848 699 3914 antiqu.
719 3847 797 3898 Rheu.
817 3843 868 3898 vol.
887 3846 985 3897 XXVll
1006 3848 1037 3896 19
1047 3863 1083 3913 sq.

318 3933 364 3996 ²⁸⁸)
381 3933 444 3982 ibid.
464 3933 516 3982 vol.
535 3929 622 3982 XXVi
641 3947 664 3996 p.
685 3932 716 3982 50
728 3947 781 3996 sq.;
802 3931 852 3980 vol.
871 3928 997 3980 XXXlX.
1017 3928 1064 3979 XL
1083 3945 1105 3995 p.
1122 3929 1249 3980 88-115.

319 4014 362 4080 ²⁸⁹)
381 4014 398 4064 l.
418 4030 439 4063 e.
459 4029 482 4079 p.
497 4012 555 4074 446,
575 4020 700 4078 syntagm.
721 4011 821 4062 CXLV.

317 4097 360 4158 ²⁹⁰)
380 4095 454 4146 Vixit
472 4095 531 4144 iude
550 4093 581 4144 ab
599 4109 621 4144 a.
644 4093 708 4144 1028
727 4095 757 4143 ad
777 4109 799 4142 e.
815 4093 879 4142 1082
900 4092 942 4143 vel
964 4092 1036 4156 1083,
1055 4090 1087 4142 cl.
1102 4091 1273 4142 Watteuhaeh
1286 4090 1307 4141 ll
1320 4109 1342 4158 p.
1356 4092 1397 4143 92.

318 4177 363 4242 ²⁹¹)
381 4178 397 4227 l.
419 4193 441 4227 c.
460 4174 585 4226 XXXlX.
603 4173 652 4224 XL
672 4192 694 4241 p.
709 4174 834 4224 88-115.

318 4258 362 4326 ²⁹¹)
382 4259 498 4324 Breysig,
515 4257 672 4308 lahrhiicher
691 4257 735 4307 des
754 4254 915 4306 trtiuliseheu
930 4254 1037 4306 Reiehes
1050 4255 1182 4306 tta-741
1204 4254 1275 4321 Lips.
1293 4269 1317 4306 a.
1333 4256 1398 4308 1869

250 4358 274 4408 p.
293 4340 386 4392 5-28.

318 4421 362 4489 ²⁹⁸)
381 4420 458 4486 Gdrz,
477 4419 510 4472 M.
528 4419 618 4472 Rhein.
637 4419 773 4485 narseten,
791 4419 801 4470 l
820 4436 843 4485 p.
857 4419 898 4470 57.
