<?xml version="1.0" encoding="UTF-8"?>
<!DOCTYPE html PUBLIC "-//W3C//DTD XHTML 1.0 Transitional//EN"
    "http://www.w3.org/TR/xhtml1/DTD/xhtml1-transitional.dtd">
<html xmlns="http://www.w3.org/1999/xhtml" xml:lang="en" lang="en">
 <head>
  <title>
</title>
<meta http-equiv="Content-Type" content="text/html;charset=utf-8" />
  <meta name='ocr-system' content='tesseract 3.04.00' />
  <meta name='ocr-capabilities' content='ocr_page ocr_carea ocr_par ocr_line ocrx_word'/>
</head>
<body>
  <div class='ocr_page' id='page_1' title='image "./decapitoliisimp00kuhfgoog_0060.png"; bbox 0 0 3180 5236; ppageno 0'>
   <div class='ocr_carea' id='block_1_1' title="bbox 607 421 826 482">
    <p class='ocr_par' dir='ltr' id='par_1_1' title="bbox 607 421 826 482">
     <span class='ocr_line' id='line_1_1' title="bbox 607 421 826 482; baseline 0 -17"><span class='ocrx_word' id='word_1_1' title='bbox 607 421 826 482; x_wconf 77' lang='lat'>-55-</span> 
     </span>
    </p>
   </div>
   <div class='ocr_carea' id='block_1_2' title="bbox 108 594 1289 1760">
    <p class='ocr_par' dir='ltr' id='par_1_2' title="bbox 130 594 1289 1249">
     <span class='ocr_line' id='line_1_2' title="bbox 130 594 1287 678; baseline 0.004 -24"><span class='ocrx_word' id='word_1_2' title='bbox 130 595 257 658; x_wconf 84' lang='lat' dir='ltr'><strong>tiamur</strong></span> <span class='ocrx_word' id='word_1_3' title='bbox 279 612 341 656; x_wconf 92' lang='lat' dir='ltr'><strong>uon</strong></span> <span class='ocrx_word' id='word_1_4' title='bbox 364 594 546 656; x_wconf 77' lang='lat' dir='ltr'><strong>adducimur.</strong></span> <span class='ocrx_word' id='word_1_5' title='bbox 592 597 752 656; x_wconf 76' lang='lat' dir='ltr'><strong>decontra</strong></span> <span class='ocrx_word' id='word_1_6' title='bbox 775 597 868 668; x_wconf 89' lang='lat' dir='ltr'><strong>illum,</strong></span> <span class='ocrx_word' id='word_1_7' title='bbox 891 597 942 676; x_wconf 91' lang='lat' dir='ltr'><strong>qui</strong></span> <span class='ocrx_word' id='word_1_8' title='bbox 966 615 1004 658; x_wconf 90' lang='lat' dir='ltr'><strong>ne</strong></span> <span class='ocrx_word' id='word_1_9' title='bbox 1020 605 1153 658; x_wconf 81' lang='lat' dir='ltr'><strong>extremo</strong></span> <span class='ocrx_word' id='word_1_10' title='bbox 1169 595 1287 678; x_wconf 89' lang='lat' dir='ltr'><strong>quidem</strong></span> 
     </span>
     <span class='ocr_line' id='line_1_3' title="bbox 130 694 1289 776; baseline 0.003 -22"><span class='ocrx_word' id='word_1_11' title='bbox 130 694 222 755; x_wconf 91' lang='lat' dir='ltr'><strong>vitae</strong></span> <span class='ocrx_word' id='word_1_12' title='bbox 237 704 371 774; x_wconf 89' lang='lat' dir='ltr'><strong>tempore</strong></span> <span class='ocrx_word' id='word_1_13' title='bbox 386 713 402 755; x_wconf 90' lang='lat' dir='ltr'><strong>a</strong></span> <span class='ocrx_word' id='word_1_14' title='bbox 418 694 544 755; x_wconf 89' lang='lat' dir='ltr'><strong>deorum</strong></span> <span class='ocrx_word' id='word_1_15' title='bbox 567 696 649 756; x_wconf 93' lang='lat' dir='ltr'><strong>cultu</strong></span> <span class='ocrx_word' id='word_1_16' title='bbox 672 713 794 774; x_wconf 92' lang='lat' dir='ltr'><strong>prorsus</strong></span> <span class='ocrx_word' id='word_1_17' title='bbox 823 694 1010 764; x_wconf 74' lang='lat' dir='ltr'>abhorrebat,</span> <span class='ocrx_word' id='word_1_18' title='bbox 1034 695 1289 776; x_wconf 78' lang='lat' dir='ltr'><strong>Constantinopoli</strong></span> 
     </span>
     <span class='ocr_line' id='line_1_4' title="bbox 131 793 1289 874; baseline 0.003 -21"><span class='ocrx_word' id='word_1_19' title='bbox 131 793 268 854; x_wconf 89' lang='lat' dir='ltr'><strong>aliorum</strong></span> <span class='ocrx_word' id='word_1_20' title='bbox 293 811 412 872; x_wconf 84' lang='lat' dir='ltr'><strong>quoque</strong></span> <span class='ocrx_word' id='word_1_21' title='bbox 435 793 558 853; x_wconf 88' lang='lat' dir='ltr'><strong>deorum</strong></span> <span class='ocrx_word' id='word_1_22' title='bbox 587 793 674 854; x_wconf 88' lang='lat' dir='ltr'><strong>aedes</strong></span> <span class='ocrx_word' id='word_1_23' title='bbox 701 793 853 855; x_wconf 89' lang='lat' dir='ltr'><strong>adiiieassc</strong></span> <span class='ocrx_word' id='word_1_24' title='bbox 881 813 949 855; x_wconf 91' lang='lat' dir='ltr'><strong>cum</strong></span> <span class='ocrx_word' id='word_1_25' title='bbox 981 794 1110 856; x_wconf 87' lang='lat' dir='ltr'><strong>sciamus</strong></span> <span class='ocrx_word' id='word_1_26' title='bbox 1121 795 1188 874; x_wconf 78' lang='lat'><strong>²⁰⁰),</strong></span> <span class='ocrx_word' id='word_1_27' title='bbox 1216 795 1289 856; x_wconf 89' lang='lat' dir='ltr'><strong>nibil</strong></span> 
     </span>
     <span class='ocr_line' id='line_1_5' title="bbox 130 891 1288 973; baseline 0.003 -21"><span class='ocrx_word' id='word_1_28' title='bbox 130 892 223 952; x_wconf 86' lang='lat' dir='ltr'><strong>aliud</strong></span> <span class='ocrx_word' id='word_1_29' title='bbox 247 900 395 970; x_wconf 76' lang='lat' dir='ltr'><strong>spectasse</strong></span> <span class='ocrx_word' id='word_1_30' title='bbox 418 891 537 952; x_wconf 86' lang='lat' dir='ltr'><strong>ridetur</strong></span> <span class='ocrx_word' id='word_1_31' title='bbox 558 910 645 970; x_wconf 88' lang='lat' dir='ltr'><strong>quam</strong></span> <span class='ocrx_word' id='word_1_32' title='bbox 668 901 703 952; x_wconf 92' lang='lat' dir='ltr'><strong>ut</strong></span> <span class='ocrx_word' id='word_1_33' title='bbox 725 893 780 953; x_wconf 90' lang='lat' dir='ltr'><strong>diis</strong></span> <span class='ocrx_word' id='word_1_34' title='bbox 803 893 974 972; x_wconf 80' lang='lat' dir='ltr'><strong>Capitolinis</strong></span> <span class='ocrx_word' id='word_1_35' title='bbox 998 894 1082 972; x_wconf 87' lang='lat' dir='ltr'><strong>quasi</strong></span> <span class='ocrx_word' id='word_1_36' title='bbox 1100 893 1217 973; x_wconf 91' lang='lat' dir='ltr'><strong>imperii</strong></span> <span class='ocrx_word' id='word_1_37' title='bbox 1234 895 1288 955; x_wconf 88' lang='lat' dir='ltr'><strong>do-</strong></span> 
     </span>
     <span class='ocr_line' id='line_1_6' title="bbox 131 990 1289 1070; baseline 0.003 -20"><span class='ocrx_word' id='word_1_38' title='bbox 131 990 273 1052; x_wconf 85' lang='lat' dir='ltr'><strong>dominia</strong></span> <span class='ocrx_word' id='word_1_39' title='bbox 296 1008 402 1050; x_wconf 89' lang='lat' dir='ltr'><strong>novam</strong></span> <span class='ocrx_word' id='word_1_40' title='bbox 425 991 528 1050; x_wconf 90' lang='lat' dir='ltr'><strong>sedem</strong></span> <span class='ocrx_word' id='word_1_41' title='bbox 554 990 741 1070; x_wconf 66' lang='lat' dir='ltr'><strong>peraret²²⁰t</strong></span> <span class='ocrx_word' id='word_1_42' title='bbox 788 991 891 1070; x_wconf 88' lang='lat' dir='ltr'><strong>Neque</strong></span> <span class='ocrx_word' id='word_1_43' title='bbox 913 1009 981 1050; x_wconf 88' lang='lat' dir='ltr'><strong>vero</strong></span> <span class='ocrx_word' id='word_1_44' title='bbox 998 992 1047 1052; x_wconf 92' lang='lat' dir='ltr'><strong>diu</strong></span> <span class='ocrx_word' id='word_1_45' title='bbox 1064 992 1181 1054; x_wconf 90' lang='lat' dir='ltr'><strong>illorum</strong></span> <span class='ocrx_word' id='word_1_46' title='bbox 1198 992 1289 1056; x_wconf 84' lang='lat' dir='ltr'><strong>cultui</strong></span> 
     </span>
     <span class='ocr_line' id='line_1_7' title="bbox 131 1088 1287 1170; baseline 0.002 -21"><span class='ocrx_word' id='word_1_47' title='bbox 131 1089 289 1168; x_wconf 89' lang='lat' dir='ltr'><strong>templum</strong></span> <span class='ocrx_word' id='word_1_48' title='bbox 312 1088 453 1159; x_wconf 84' lang='lat' dir='ltr'><strong>inserviit,</strong></span> <span class='ocrx_word' id='word_1_49' title='bbox 477 1105 543 1150; x_wconf 90' lang='lat' dir='ltr'><strong>cum</strong></span> <span class='ocrx_word' id='word_1_50' title='bbox 566 1088 651 1166; x_wconf 85' lang='lat' dir='ltr'><strong>signa</strong></span> <span class='ocrx_word' id='word_1_51' title='bbox 675 1088 781 1148; x_wconf 84' lang='lat' dir='ltr'><strong>Christi</strong></span> <span class='ocrx_word' id='word_1_52' title='bbox 805 1107 893 1170; x_wconf 87' lang='lat' dir='ltr'><strong>supra</strong></span> <span class='ocrx_word' id='word_1_53' title='bbox 916 1090 1013 1169; x_wconf 87' lang='lat' dir='ltr'><strong>posito</strong></span> <span class='ocrx_word' id='word_1_54' title='bbox 1034 1089 1068 1150; x_wconf 92' lang='lat' dir='ltr'><strong>ad</strong></span> <span class='ocrx_word' id='word_1_55' title='bbox 1092 1089 1181 1151; x_wconf 90' lang='lat' dir='ltr'><strong>alium</strong></span> <span class='ocrx_word' id='word_1_56' title='bbox 1198 1109 1287 1153; x_wconf 84' lang='lat' dir='ltr'><strong>usum</strong></span> 
     </span>
     <span class='ocr_line' id='line_1_8' title="bbox 131 1187 353 1249; baseline -0.005 -1"><span class='ocrx_word' id='word_1_57' title='bbox 131 1187 353 1249; x_wconf 87' lang='lat' dir='ltr'><strong>destinaretur.</strong></span> 
     </span>
    </p>

    <p class='ocr_par' dir='ltr' id='par_1_3' title="bbox 108 1284 1288 1760">
     <span class='ocr_line' id='line_1_9' title="bbox 230 1284 1287 1367; baseline 0.004 -23"><span class='ocrx_word' id='word_1_58' title='bbox 230 1285 317 1357; x_wconf 79' lang='lat' dir='ltr'><strong>Quod</strong></span> <span class='ocrx_word' id='word_1_59' title='bbox 340 1285 459 1364; x_wconf 82' lang='lat' dir='ltr'><strong>signum</strong></span> <span class='ocrx_word' id='word_1_60' title='bbox 484 1284 539 1344; x_wconf 85' lang='lat' dir='ltr'><strong>kal.</strong></span> <span class='ocrx_word' id='word_1_61' title='bbox 563 1285 652 1364; x_wconf 82' lang='lat' dir='ltr'><strong>April.</strong></span> <span class='ocrx_word' id='word_1_62' title='bbox 677 1286 745 1346; x_wconf 89' lang='lat' dir='ltr'><strong>anni</strong></span> <span class='ocrx_word' id='word_1_63' title='bbox 768 1285 829 1345; x_wconf 84' lang='lat'><strong>407</strong></span> <span class='ocrx_word' id='word_1_64' title='bbox 852 1295 950 1347; x_wconf 87' lang='lat' dir='ltr'><strong>terrae</strong></span> <span class='ocrx_word' id='word_1_65' title='bbox 980 1294 1064 1348; x_wconf 90' lang='lat' dir='ltr'><strong>motu</strong></span> <span class='ocrx_word' id='word_1_66' title='bbox 1089 1284 1287 1367; x_wconf 69' lang='lat' dir='ltr'><strong>conciditffl).</strong></span> 
     </span>
     <span class='ocr_line' id='line_1_10' title="bbox 133 1383 1288 1464; baseline 0.001 -19"><span class='ocrx_word' id='word_1_67' title='bbox 133 1384 232 1458; x_wconf 86' lang='lat' dir='ltr'><strong>Quali</strong></span> <span class='ocrx_word' id='word_1_68' title='bbox 254 1393 352 1446; x_wconf 92' lang='lat' dir='ltr'><strong>autem</strong></span> <span class='ocrx_word' id='word_1_69' title='bbox 377 1383 445 1445; x_wconf 90' lang='lat' dir='ltr'><strong>usui</strong></span> <span class='ocrx_word' id='word_1_70' title='bbox 469 1392 571 1462; x_wconf 90' lang='lat' dir='ltr'><strong>postea</strong></span> <span class='ocrx_word' id='word_1_71' title='bbox 596 1384 770 1463; x_wconf 84' lang='lat' dir='ltr'><strong>Capitolium</strong></span> <span class='ocrx_word' id='word_1_72' title='bbox 795 1385 893 1456; x_wconf 88' lang='lat' dir='ltr'><strong>luerit,</strong></span> <span class='ocrx_word' id='word_1_73' title='bbox 916 1386 1072 1458; x_wconf 88' lang='lat' dir='ltr'><strong>nonlatet‚</strong></span> <span class='ocrx_word' id='word_1_74' title='bbox 1090 1405 1157 1447; x_wconf 92' lang='lat' dir='ltr'><strong>cum</strong></span> <span class='ocrx_word' id='word_1_75' title='bbox 1174 1387 1288 1464; x_wconf 84' lang='lat' dir='ltr'><strong>exlege</strong></span> 
     </span>
     <span class='ocr_line' id='line_1_11' title="bbox 132 1483 1286 1564; baseline -0.001 -18"><span class='ocrx_word' id='word_1_76' title='bbox 132 1505 165 1546; x_wconf 84' lang='lat' dir='ltr'><strong>a.</strong></span> <span class='ocrx_word' id='word_1_77' title='bbox 182 1483 249 1544; x_wconf 81' lang='lat'><strong>425</strong></span> <span class='ocrx_word' id='word_1_78' title='bbox 273 1503 288 1544; x_wconf 91' lang='lat' dir='ltr'><strong>a</strong></span> <span class='ocrx_word' id='word_1_79' title='bbox 305 1483 472 1545; x_wconf 84' lang='lat' dir='ltr'><strong>Theodosio</strong></span> <span class='ocrx_word' id='word_1_80' title='bbox 495 1491 523 1544; x_wconf 90' lang='lat' dir='ltr'><strong>et</strong></span> <span class='ocrx_word' id='word_1_81' title='bbox 540 1483 741 1544; x_wconf 87' lang='lat' dir='ltr'><strong>Valentiniano</strong></span> <span class='ocrx_word' id='word_1_82' title='bbox 758 1485 823 1544; x_wconf 89' lang='lat' dir='ltr'><strong>data</strong></span> <span class='ocrx_word' id='word_1_83' title='bbox 840 1501 894 1564; x_wconf 92' lang='lat' dir='ltr'><strong>pro</strong></span> <span class='ocrx_word' id='word_1_84' title='bbox 911 1485 1057 1546; x_wconf 80' lang='lat' dir='ltr'><strong>academia</strong></span> <span class='ocrx_word' id='word_1_85' title='bbox 1074 1487 1198 1564; x_wconf 87' lang='lat' dir='ltr'><strong>quadam</strong></span> <span class='ocrx_word' id='word_1_86' title='bbox 1215 1485 1286 1545; x_wconf 91' lang='lat' dir='ltr'><strong>illud</strong></span> 
     </span>
     <span class='ocr_line' id='line_1_12' title="bbox 108 1581 1285 1663; baseline 0 -21"><span class='ocrx_word' id='word_1_87' title='bbox 108 1602 113 1609; x_wconf 88' lang='grc'><em>·</em></span> <span class='ocrx_word' id='word_1_88' title='bbox 132 1583 235 1644; x_wconf 89' lang='lat' dir='ltr'><strong>fuisse</strong></span> <span class='ocrx_word' id='word_1_89' title='bbox 258 1583 489 1662; x_wconf 85' lang='lat' dir='ltr'><strong>comperiamus,</strong></span> <span class='ocrx_word' id='word_1_90' title='bbox 511 1584 541 1644; x_wconf 93' lang='lat' dir='ltr'><strong>in</strong></span> <span class='ocrx_word' id='word_1_91' title='bbox 559 1602 615 1662; x_wconf 90' lang='lat' dir='ltr'><strong>qua</strong></span> <span class='ocrx_word' id='word_1_92' title='bbox 635 1583 820 1661; x_wconf 80' lang='lat' dir='ltr'><strong>professores</strong></span> <span class='ocrx_word' id='word_1_93' title='bbox 839 1583 901 1644; x_wconf 89' lang='lat' dir='ltr'><strong>suis</strong></span> <span class='ocrx_word' id='word_1_94' title='bbox 921 1581 1078 1663; x_wconf 79' lang='lat' dir='ltr'><strong>privilegiis</strong></span> <span class='ocrx_word' id='word_1_95' title='bbox 1097 1591 1215 1644; x_wconf 87' lang='lat' dir='ltr'><strong>utentes</strong></span> <span class='ocrx_word' id='word_1_96' title='bbox 1232 1583 1285 1643; x_wconf 92' lang='lat' dir='ltr'><strong>do-</strong></span> 
     </span>
     <span class='ocr_line' id='line_1_13' title="bbox 136 1680 318 1760; baseline -0.005 -18"><span class='ocrx_word' id='word_1_97' title='bbox 136 1680 318 1760; x_wconf 77' lang='lat' dir='ltr'><strong>cerent²¹⁹).</strong></span> 
     </span>
    </p>
   </div>
   <div class='ocr_carea' id='block_1_3' title="bbox 629 1831 804 1900">
    <p class='ocr_par' dir='ltr' id='par_1_4' title="bbox 629 1831 804 1900">
     <span class='ocr_line' id='line_1_14' title="bbox 629 1831 804 1900; baseline -0.034 0"><span class='ocrx_word' id='word_1_98' title='bbox 629 1835 663 1900; x_wconf 81' lang='lat'><strong>5.</strong></span> <span class='ocrx_word' id='word_1_99' title='bbox 698 1831 804 1900; x_wconf 82' lang='lat' dir='ltr'><strong>Asia.</strong></span> 
     </span>
    </p>
   </div>
   <div class='ocr_carea' id='block_1_4' title="bbox 138 1961 1288 2238">
    <p class='ocr_par' dir='ltr' id='par_1_5' title="bbox 138 1961 1288 2238">
     <span class='ocr_line' id='line_1_15' title="bbox 228 1961 1287 2041; baseline 0 -17"><span class='ocrx_word' id='word_1_100' title='bbox 228 1963 310 2024; x_wconf 87' lang='lat' dir='ltr'><strong>luter</strong></span> <span class='ocrx_word' id='word_1_101' title='bbox 333 1979 382 2024; x_wconf 91' lang='lat' dir='ltr'><strong>eas</strong></span> <span class='ocrx_word' id='word_1_102' title='bbox 406 1980 481 2041; x_wconf 89' lang='lat' dir='ltr'><strong>quae</strong></span> <span class='ocrx_word' id='word_1_103' title='bbox 504 1961 617 2040; x_wconf 85' lang='lat' dir='ltr'><strong>primae</strong></span> <span class='ocrx_word' id='word_1_104' title='bbox 641 1961 736 2022; x_wconf 88' lang='lat' dir='ltr'><strong>cultus</strong></span> <span class='ocrx_word' id='word_1_105' title='bbox 760 1961 908 2024; x_wconf 87' lang='lat' dir='ltr'><strong>Romanos</strong></span> <span class='ocrx_word' id='word_1_106' title='bbox 931 1969 1109 2041; x_wconf 88' lang='lat' dir='ltr'><strong>receperunt</strong></span> <span class='ocrx_word' id='word_1_107' title='bbox 1125 1961 1287 2041; x_wconf 83' lang='lat' dir='ltr'><strong>provincias</strong></span> 
     </span>
     <span class='ocr_line' id='line_1_16' title="bbox 138 2060 1288 2142; baseline -0.003 -16"><span class='ocrx_word' id='word_1_108' title='bbox 138 2069 224 2126; x_wconf 86' lang='lat' dir='ltr'><strong>certe</strong></span> <span class='ocrx_word' id='word_1_109' title='bbox 247 2061 312 2122; x_wconf 81' lang='lat' dir='ltr'><strong>Asia</strong></span> <span class='ocrx_word' id='word_1_110' title='bbox 336 2061 402 2134; x_wconf 88' lang='lat' dir='ltr'><strong>luit,</strong></span> <span class='ocrx_word' id='word_1_111' title='bbox 424 2060 534 2142; x_wconf 91' lang='lat' dir='ltr'><strong>quippe</strong></span> <span class='ocrx_word' id='word_1_112' title='bbox 557 2078 632 2139; x_wconf 86' lang='lat' dir='ltr'><strong>quae</strong></span> <span class='ocrx_word' id='word_1_113' title='bbox 655 2060 714 2120; x_wconf 88' lang='lat' dir='ltr'><strong>iam</strong></span> <span class='ocrx_word' id='word_1_114' title='bbox 738 2061 869 2122; x_wconf 90' lang='lat' dir='ltr'><strong>secundo</strong></span> <span class='ocrx_word' id='word_1_115' title='bbox 893 2080 916 2122; x_wconf 86' lang='lat' dir='ltr'><strong>a.</strong></span> <span class='ocrx_word' id='word_1_116' title='bbox 941 2061 1007 2123; x_wconf 86' lang='lat' dir='ltr'><strong>Cbr.</strong></span> <span class='ocrx_word' id='word_1_117' title='bbox 1032 2061 1149 2122; x_wconf 88' lang='lat' dir='ltr'><strong>saeculo</strong></span> <span class='ocrx_word' id='word_1_118' title='bbox 1171 2060 1288 2140; x_wconf 86' lang='lat' dir='ltr'><strong>templis</strong></span> 
     </span>
     <span class='ocr_line' id='line_1_17' title="bbox 139 2158 1286 2238; baseline -0.001 -17"><span class='ocrx_word' id='word_1_119' title='bbox 139 2161 178 2222; x_wconf 86' lang='lat' dir='ltr'><strong>ad</strong></span> <span class='ocrx_word' id='word_1_120' title='bbox 202 2160 349 2222; x_wconf 89' lang='lat' dir='ltr'><strong>honorem</strong></span> <span class='ocrx_word' id='word_1_121' title='bbox 373 2159 577 2220; x_wconf 88' lang='lat' dir='ltr'><strong>Romanorum</strong></span> <span class='ocrx_word' id='word_1_122' title='bbox 608 2158 766 2220; x_wconf 87' lang='lat' dir='ltr'><strong>aedificatis</strong></span> <span class='ocrx_word' id='word_1_123' title='bbox 795 2167 936 2220; x_wconf 84' lang='lat' dir='ltr'><strong>uteretur.</strong></span> <span class='ocrx_word' id='word_1_124' title='bbox 982 2159 1022 2220; x_wconf 80' lang='lat' dir='ltr'><strong>Ac</strong></span> <span class='ocrx_word' id='word_1_125' title='bbox 1049 2159 1137 2220; x_wconf 88' lang='lat' dir='ltr'><strong>huius</strong></span> <span class='ocrx_word' id='word_1_126' title='bbox 1167 2159 1286 2238; x_wconf 89' lang='lat' dir='ltr'><strong>quidem</strong></span> 
     </span>
    </p>
   </div>
   <div class='ocr_carea' id='block_1_5' title="bbox 137 2319 1297 4355">
    <p class='ocr_par' dir='ltr' id='par_1_6' title="bbox 138 2319 1286 2469">
     <span class='ocr_line' id='line_1_18' title="bbox 138 2319 1286 2392; baseline -0.004 -15"><span class='ocrx_word' id='word_1_127' title='bbox 138 2327 226 2392; x_wconf 81' lang='lat' dir='ltr'><strong>gleicb</strong></span> <span class='ocrx_word' id='word_1_128' title='bbox 245 2341 295 2375; x_wconf 89' lang='lat' dir='ltr'><strong>voc</strong></span> <span class='ocrx_word' id='word_1_129' title='bbox 314 2321 414 2386; x_wconf 74' lang='lat' dir='ltr'><strong>tntaug</strong></span> <span class='ocrx_word' id='word_1_130' title='bbox 432 2338 464 2372; x_wconf 85' lang='lat' dir='ltr'><strong>un</strong></span> <span class='ocrx_word' id='word_1_131' title='bbox 482 2323 529 2373; x_wconf 90' lang='lat' dir='ltr'><strong>mit</strong></span> <span class='ocrx_word' id='word_1_132' title='bbox 547 2321 685 2382; x_wconf 79' lang='lat' dir='ltr'><strong>lliiclrsicbt</strong></span> <span class='ocrx_word' id='word_1_133' title='bbox 702 2319 748 2373; x_wconf 84' lang='lat' dir='ltr'><strong>aul</strong></span> <span class='ocrx_word' id='word_1_134' title='bbox 768 2323 809 2372; x_wconf 91' lang='lat' dir='ltr'><strong>die</strong></span> <span class='ocrx_word' id='word_1_135' title='bbox 829 2320 981 2374; x_wconf 87' lang='lat' dir='ltr'><strong>Geschicbte</strong></span> <span class='ocrx_word' id='word_1_136' title='bbox 1001 2324 1045 2372; x_wconf 92' lang='lat' dir='ltr'><strong>der</strong></span> <span class='ocrx_word' id='word_1_137' title='bbox 1063 2322 1224 2387; x_wconf 78' lang='lat' dir='ltr'><strong>Entstebung</strong></span> <span class='ocrx_word' id='word_1_138' title='bbox 1241 2323 1286 2372; x_wconf 89' lang='lat' dir='ltr'><strong>der</strong></span> 
     </span>
     <span class='ocr_line' id='line_1_19' title="bbox 139 2404 1286 2469; baseline -0.003 -9"><span class='ocrx_word' id='word_1_139' title='bbox 139 2408 217 2460; x_wconf 88' lang='lat' dir='ltr'><strong>Stadt</strong></span> <span class='ocrx_word' id='word_1_140' title='bbox 230 2407 287 2457; x_wconf 89' lang='lat' dir='ltr'><strong>eine</strong></span> <span class='ocrx_word' id='word_1_141' title='bbox 300 2407 394 2456; x_wconf 88' lang='lat' dir='ltr'><strong>andere</strong></span> <span class='ocrx_word' id='word_1_142' title='bbox 406 2405 577 2469; x_wconf 81' lang='lat' dir='ltr'><strong>Bestimmung</strong></span> <span class='ocrx_word' id='word_1_143' title='bbox 590 2406 630 2456; x_wconf 90' lang='lat' dir='ltr'><strong>als</strong></span> <span class='ocrx_word' id='word_1_144' title='bbox 643 2406 700 2455; x_wconf 89' lang='lat' dir='ltr'><strong>eine</strong></span> <span class='ocrx_word' id='word_1_145' title='bbox 713 2404 982 2468; x_wconf 79' lang='lat' dir='ltr'><strong>beidnisch-religiiise</strong></span> <span class='ocrx_word' id='word_1_146' title='bbox 995 2405 1088 2466; x_wconf 80' lang='lat' dir='ltr'><strong>gebabt</strong></span> <span class='ocrx_word' id='word_1_147' title='bbox 1100 2405 1179 2454; x_wconf 86' lang='lat' dir='ltr'><strong>baben</strong></span> <span class='ocrx_word' id='word_1_148' title='bbox 1193 2406 1286 2458; x_wconf 86' lang='lat' dir='ltr'><strong>mnss“.</strong></span> 
     </span>
    </p>

    <p class='ocr_par' dir='ltr' id='par_1_7' title="bbox 211 2485 1058 2553">
     <span class='ocr_line' id='line_1_20' title="bbox 211 2485 1058 2553; baseline -0.002 -15"><span class='ocrx_word' id='word_1_149' title='bbox 211 2487 255 2553; x_wconf 76' lang='lat'>¹⁰⁹)</span> <span class='ocrx_word' id='word_1_150' title='bbox 273 2487 422 2553; x_wconf 85' lang='lat' dir='ltr'><strong>Marquardt</strong></span> <span class='ocrx_word' id='word_1_151' title='bbox 440 2486 542 2537; x_wconf 78' lang='lat' dir='ltr'><strong>llncbir.</strong></span> <span class='ocrx_word' id='word_1_152' title='bbox 560 2485 593 2536; x_wconf 93' lang='lat' dir='ltr'><strong>lll</strong></span> <span class='ocrx_word' id='word_1_153' title='bbox 615 2487 674 2549; x_wconf 77' lang='lat'><strong>1143</strong></span> <span class='ocrx_word' id='word_1_154' title='bbox 695 2486 860 2536; x_wconf 81' lang='lat' dir='ltr'><strong>llurckbardt.</strong></span> <span class='ocrx_word' id='word_1_155' title='bbox 881 2485 898 2536; x_wconf 93' lang='lat' dir='ltr'><strong>l.</strong></span> <span class='ocrx_word' id='word_1_156' title='bbox 918 2501 938 2535; x_wconf 91' lang='lat' dir='ltr'><strong>c.</strong></span> <span class='ocrx_word' id='word_1_157' title='bbox 958 2501 981 2552; x_wconf 91' lang='lat' dir='ltr'><strong>p.</strong></span> <span class='ocrx_word' id='word_1_158' title='bbox 1001 2485 1058 2536; x_wconf 79' lang='lat'>359.</span> 
     </span>
    </p>

    <p class='ocr_par' dir='ltr' id='par_1_8' title="bbox 139 2567 1287 2798">
     <span class='ocr_line' id='line_1_21' title="bbox 210 2567 1286 2635; baseline -0.002 -15"><span class='ocrx_word' id='word_1_159' title='bbox 210 2568 255 2635; x_wconf 81' lang='lat'>¹¹⁰)</span> <span class='ocrx_word' id='word_1_160' title='bbox 273 2569 339 2620; x_wconf 79' lang='lat' dir='ltr'><strong>llum</strong></span> <span class='ocrx_word' id='word_1_161' title='bbox 357 2568 476 2634; x_wconf 84' lang='lat' dir='ltr'><strong>ternplum</strong></span> <span class='ocrx_word' id='word_1_162' title='bbox 490 2569 539 2620; x_wconf 90' lang='lat' dir='ltr'><strong>iam</strong></span> <span class='ocrx_word' id='word_1_163' title='bbox 548 2569 691 2632; x_wconf 80' lang='lat' dir='ltr'><strong>exstiterit,</strong></span> <span class='ocrx_word' id='word_1_164' title='bbox 709 2576 843 2635; x_wconf 86' lang='lat' dir='ltr'><strong>antequam</strong></span> <span class='ocrx_word' id='word_1_165' title='bbox 857 2567 1039 2620; x_wconf 85' lang='lat' dir='ltr'><strong>Constantinus</strong></span> <span class='ocrx_word' id='word_1_166' title='bbox 1057 2567 1145 2619; x_wconf 87' lang='lat' dir='ltr'><strong>urbem</strong></span> <span class='ocrx_word' id='word_1_167' title='bbox 1158 2568 1286 2633; x_wconf 81' lang='lat' dir='ltr'><strong>conderet,</strong></span> 
     </span>
     <span class='ocr_line' id='line_1_22' title="bbox 139 2648 1287 2718; baseline -0.002 -15"><span class='ocrx_word' id='word_1_168' title='bbox 139 2651 330 2703; x_wconf 85' lang='lat' dir='ltr'><strong>diiudicandum</strong></span> <span class='ocrx_word' id='word_1_169' title='bbox 350 2650 462 2700; x_wconf 88' lang='lat' dir='ltr'><strong>libenter</strong></span> <span class='ocrx_word' id='word_1_170' title='bbox 482 2651 600 2716; x_wconf 87' lang='lat' dir='ltr'><strong>relinquo</strong></span> <span class='ocrx_word' id='word_1_171' title='bbox 617 2651 710 2700; x_wconf 83' lang='lat' dir='ltr'><strong>Castae</strong></span> <span class='ocrx_word' id='word_1_172' title='bbox 729 2651 819 2715; x_wconf 86' lang='lat' dir='ltr'><strong>iisque,</strong></span> <span class='ocrx_word' id='word_1_173' title='bbox 838 2650 880 2715; x_wconf 91' lang='lat' dir='ltr'><strong>qui</strong></span> <span class='ocrx_word' id='word_1_174' title='bbox 893 2648 999 2700; x_wconf 79' lang='lat' dir='ltr'><strong>&#39;liberio</strong></span> <span class='ocrx_word' id='word_1_175' title='bbox 1017 2649 1156 2718; x_wconf 84' lang='lat' dir='ltr'><strong>quaerenti,</strong></span> <span class='ocrx_word' id='word_1_176' title='bbox 1175 2651 1234 2716; x_wconf 78' lang='lat' dir='ltr'><strong>qnid</strong></span> <span class='ocrx_word' id='word_1_177' title='bbox 1247 2649 1287 2702; x_wconf 90' lang='lat' dir='ltr'><strong>Si·</strong></span> 
     </span>
     <span class='ocr_line' id='line_1_23' title="bbox 140 2731 763 2798; baseline -0.006 -14"><span class='ocrx_word' id='word_1_178' title='bbox 140 2749 217 2784; x_wconf 89' lang='lat' dir='ltr'><strong>reces</strong></span> <span class='ocrx_word' id='word_1_179' title='bbox 237 2731 409 2796; x_wconf 82' lang='lat' dir='ltr'><strong>cantaverint,</strong></span> <span class='ocrx_word' id='word_1_180' title='bbox 429 2732 583 2798; x_wconf 87' lang='lat' dir='ltr'><strong>respondere</strong></span> <span class='ocrx_word' id='word_1_181' title='bbox 601 2731 685 2798; x_wconf 83' lang='lat' dir='ltr'><strong>parati</strong></span> <span class='ocrx_word' id='word_1_182' title='bbox 703 2731 763 2780; x_wconf 88' lang='lat' dir='ltr'><strong>sint.</strong></span> 
     </span>
    </p>

    <p class='ocr_par' dir='ltr' id='par_1_9' title="bbox 138 2801 1288 3286">
     <span class='ocr_line' id='line_1_24' title="bbox 209 2801 1287 2880; baseline 0.001 -17"><span class='ocrx_word' id='word_1_183' title='bbox 209 2813 253 2880; x_wconf 79' lang='lat'>²¹¹)</span> <span class='ocrx_word' id='word_1_184' title='bbox 272 2801 388 2863; x_wconf 79' lang='lat' dir='ltr'><strong>Chronic&#39;.</strong></span> <span class='ocrx_word' id='word_1_185' title='bbox 407 2813 525 2878; x_wconf 83' lang='lat' dir='ltr'><strong>paschale</strong></span> <span class='ocrx_word' id='word_1_186' title='bbox 550 2811 559 2862; x_wconf 94' lang='lat' dir='ltr'><strong>l</strong></span> <span class='ocrx_word' id='word_1_187' title='bbox 582 2829 605 2878; x_wconf 92' lang='lat' dir='ltr'><strong>p.</strong></span> <span class='ocrx_word' id='word_1_188' title='bbox 619 2813 668 2862; x_wconf 75' lang='lat'><strong>570</strong></span> <span class='ocrx_word' id='word_1_189' title='bbox 689 2813 737 2874; x_wconf 84' lang='lat' dir='ltr'><strong>(ed.</strong></span> <span class='ocrx_word' id='word_1_190' title='bbox 761 2811 852 2873; x_wconf 87' lang='lat' dir='ltr'><strong>Bonn):</strong></span> <span class='ocrx_word' id='word_1_191' title='bbox 880 2811 927 2860; x_wconf 86' lang='grc' dir='ltr'><strong><em>καὶ</em></strong></span> <span class='ocrx_word' id='word_1_192' title='bbox 950 2805 1021 2877; x_wconf 83' lang='grc' dir='ltr'><strong><em>αὐτῷ</em></strong></span> <span class='ocrx_word' id='word_1_193' title='bbox 1047 2809 1083 2876; x_wconf 79' lang='grc' dir='ltr'><strong>τῷ</strong></span> <span class='ocrx_word' id='word_1_194' title='bbox 1106 2810 1157 2864; x_wconf 75' lang='grc' dir='ltr'><strong><em>ἔτει</em></strong></span> <span class='ocrx_word' id='word_1_195' title='bbox 1179 2812 1287 2880; x_wconf 72' lang='grc' dir='ltr'><strong><em>ἐγένετο</em></strong></span> 
     </span>
     <span class='ocr_line' id='line_1_25' title="bbox 138 2891 1286 2967; baseline 0.001 -22"><span class='ocrx_word' id='word_1_196' title='bbox 138 2893 225 2967; x_wconf 69' lang='grc' dir='ltr'><strong><em>βροχὴ</em></strong></span> <span class='ocrx_word' id='word_1_197' title='bbox 245 2891 350 2964; x_wconf 74' lang='grc' dir='ltr'><strong><em>μεγάλη</em></strong></span> <span class='ocrx_word' id='word_1_198' title='bbox 370 2893 421 2948; x_wconf 82' lang='grc' dir='ltr'><strong>σὺν</strong></span> <span class='ocrx_word' id='word_1_199' title='bbox 437 2897 562 2966; x_wconf 80' lang='grc' dir='ltr'><strong><em>βρονταῖς</em></strong></span> <span class='ocrx_word' id='word_1_200' title='bbox 580 2897 626 2946; x_wconf 83' lang='grc' dir='ltr'><strong><em>καὶ</em></strong></span> <span class='ocrx_word' id='word_1_201' title='bbox 643 2891 799 2962; x_wconf 81' lang='grc' dir='ltr'><em>ἀστραπαῖς</em></span> <span class='ocrx_word' id='word_1_202' title='bbox 820 2896 865 2944; x_wconf 84' lang='grc' dir='ltr'><strong><em>καὶ</em></strong></span> <span class='ocrx_word' id='word_1_203' title='bbox 884 2895 988 2962; x_wconf 78' lang='grc' dir='ltr'><em>σεισμῷ</em></span> <span class='ocrx_word' id='word_1_204' title='bbox 1009 2895 1076 2962; x_wconf 88' lang='grc' dir='ltr'><strong><em>μηνὶ</em></strong></span> <span class='ocrx_word' id='word_1_205' title='bbox 1100 2895 1220 2962; x_wconf 78' lang='grc' dir='ltr'><strong><em>ξανθικῴ</em></strong></span> <span class='ocrx_word' id='word_1_206' title='bbox 1238 2913 1286 2946; x_wconf 87' lang='grc' dir='ltr'><strong><em>κα-</em></strong></span> 
     </span>
     <span class='ocr_line' id='line_1_26' title="bbox 139 2971 1288 3048; baseline -0.001 -19"><span class='ocrx_word' id='word_1_207' title='bbox 139 2977 251 3033; x_wconf 70' lang='lat' dir='ltr'><strong>laudale</strong></span> <span class='ocrx_word' id='word_1_208' title='bbox 277 2971 415 3046; x_wconf 67' lang='lat' dir='ltr'><strong>depullatae</strong></span> <span class='ocrx_word' id='word_1_209' title='bbox 441 2980 626 3045; x_wconf 80' lang='grc' dir='ltr'><strong><em>πρωθυμνίῳ,</em></strong></span> <span class='ocrx_word' id='word_1_210' title='bbox 653 2971 721 3027; x_wconf 81' lang='grc' dir='ltr'><strong><em>ὥστε</em></strong></span> <span class='ocrx_word' id='word_1_211' title='bbox 743 2971 986 3038; x_wconf 59' lang='lat' dir='ltr'><strong>demonstraremus</strong></span> <span class='ocrx_word' id='word_1_212' title='bbox 1012 2971 1058 3032; x_wconf 82' lang='grc' dir='ltr'><strong>τὰς</strong></span> <span class='ocrx_word' id='word_1_213' title='bbox 1079 2972 1214 3048; x_wconf 75' lang='grc' dir='ltr'><strong><em>κεραμους</em></strong></span> <span class='ocrx_word' id='word_1_214' title='bbox 1239 2974 1288 3034; x_wconf 74' lang='grc' dir='ltr'><strong>τὰς</strong></span> 
     </span>
     <span class='ocr_line' id='line_1_27' title="bbox 138 3051 1287 3129; baseline 0.001 -20"><span class='ocrx_word' id='word_1_215' title='bbox 138 3057 244 3126; x_wconf 80' lang='grc' dir='ltr'><strong><em>χαλκᾶς</em></strong></span> <span class='ocrx_word' id='word_1_216' title='bbox 261 3057 307 3108; x_wconf 83' lang='grc' dir='ltr'><strong>τοῦ</strong></span> <span class='ocrx_word' id='word_1_217' title='bbox 326 3054 416 3128; x_wconf 85' lang='grc' dir='ltr'><strong><em>(μόρου</em></strong></span> <span class='ocrx_word' id='word_1_218' title='bbox 439 3055 591 3109; x_wconf 72' lang='grc' dir='ltr'><strong><em>Θεοδοσίου</em></strong></span> <span class='ocrx_word' id='word_1_219' title='bbox 612 3055 658 3108; x_wconf 75' lang='lat' dir='ltr'><strong>tut</strong></span> <span class='ocrx_word' id='word_1_220' title='bbox 680 3051 873 3110; x_wconf 79' lang='grc' dir='ltr'><strong><em>Καινούπολιν</em></strong></span> <span class='ocrx_word' id='word_1_221' title='bbox 898 3059 945 3108; x_wconf 79' lang='grc' dir='ltr'><strong><em>καὶ</em></strong></span> <span class='ocrx_word' id='word_1_222' title='bbox 966 3055 997 3108; x_wconf 88' lang='grc' dir='ltr'><strong>τὸ</strong></span> <span class='ocrx_word' id='word_1_223' title='bbox 1020 3051 1215 3129; x_wconf 75' lang='grc' dir='ltr'><strong><em>σιγνόχριστον</em></strong></span> <span class='ocrx_word' id='word_1_224' title='bbox 1237 3059 1287 3110; x_wconf 78' lang='grc' dir='ltr'><strong>τοῦ</strong></span> 
     </span>
     <span class='ocr_line' id='line_1_28' title="bbox 143 3137 1285 3205; baseline 0.002 -16"><span class='ocrx_word' id='word_1_225' title='bbox 143 3140 323 3190; x_wconf 77' lang='grc' dir='ltr'><strong><em>Καπετωλίου</em></strong></span> <span class='ocrx_word' id='word_1_226' title='bbox 342 3141 494 3192; x_wconf 80' lang='grc' dir='ltr'><strong><em>πεσεῖν...</em></strong></span> <span class='ocrx_word' id='word_1_227' title='bbox 515 3137 606 3190; x_wconf 80' lang='lat' dir='ltr'><strong>Forum</strong></span> <span class='ocrx_word' id='word_1_228' title='bbox 625 3139 690 3205; x_wconf 85' lang='lat' dir='ltr'><strong>quod</strong></span> <span class='ocrx_word' id='word_1_229' title='bbox 709 3145 920 3192; x_wconf 85' lang='lat' dir='ltr'><strong>commemorator</strong></span> <span class='ocrx_word' id='word_1_230' title='bbox 938 3139 1141 3196; x_wconf 86' lang='lat' dir='ltr'><strong>Theodosianum</strong></span> <span class='ocrx_word' id='word_1_231' title='bbox 1160 3143 1246 3191; x_wconf 86' lang='lat' dir='ltr'><strong>eadem</strong></span> <span class='ocrx_word' id='word_1_232' title='bbox 1259 3142 1285 3191; x_wconf 91' lang='lat' dir='ltr'><strong>in</strong></span> 
     </span>
     <span class='ocr_line' id='line_1_29' title="bbox 145 3219 1216 3286; baseline 0.001 -16"><span class='ocrx_word' id='word_1_233' title='bbox 145 3221 248 3284; x_wconf 79' lang='lat' dir='ltr'><strong>regione</strong></span> <span class='ocrx_word' id='word_1_234' title='bbox 266 3235 342 3286; x_wconf 89' lang='lat' dir='ltr'><strong>prope</strong></span> <span class='ocrx_word' id='word_1_235' title='bbox 361 3219 513 3285; x_wconf 86' lang='lat' dir='ltr'><strong>Capitolium</strong></span> <span class='ocrx_word' id='word_1_236' title='bbox 532 3227 596 3281; x_wconf 87' lang='lat' dir='ltr'><strong>erut,</strong></span> <span class='ocrx_word' id='word_1_237' title='bbox 614 3219 646 3270; x_wconf 85' lang='lat' dir='ltr'><strong>cl.</strong></span> <span class='ocrx_word' id='word_1_238' title='bbox 666 3221 775 3282; x_wconf 79' lang='lat' dir='ltr'><strong>Ducang.</strong></span> <span class='ocrx_word' id='word_1_239' title='bbox 795 3219 805 3270; x_wconf 94' lang='lat' dir='ltr'><strong>l</strong></span> <span class='ocrx_word' id='word_1_240' title='bbox 825 3221 855 3272; x_wconf 82' lang='lat'><strong>21</strong></span> <span class='ocrx_word' id='word_1_241' title='bbox 878 3219 991 3285; x_wconf 76' lang='lat' dir='ltr'><strong>(lpllium</strong></span> <span class='ocrx_word' id='word_1_242' title='bbox 1010 3219 1041 3269; x_wconf 95' lang='lat' dir='ltr'><strong>lll</strong></span> <span class='ocrx_word' id='word_1_243' title='bbox 1062 3221 1075 3268; x_wconf 83' lang='lat' dir='ltr'><strong>t</strong></span> <span class='ocrx_word' id='word_1_244' title='bbox 1095 3223 1128 3286; x_wconf 83' lang='lat' dir='ltr'><strong>(p.</strong></span> <span class='ocrx_word' id='word_1_245' title='bbox 1149 3222 1216 3283; x_wconf 81' lang='lat'><strong>168).</strong></span> 
     </span>
    </p>

    <p class='ocr_par' dir='ltr' id='par_1_10' title="bbox 137 3299 1297 4355">
     <span class='ocr_line' id='line_1_30' title="bbox 211 3299 1285 3371; baseline 0.003 -19"><span class='ocrx_word' id='word_1_246' title='bbox 211 3303 253 3368; x_wconf 87' lang='lat'>¹¹¹)</span> <span class='ocrx_word' id='word_1_247' title='bbox 271 3302 331 3352; x_wconf 87' lang='lat' dir='ltr'><strong>Cod.</strong></span> <span class='ocrx_word' id='word_1_248' title='bbox 352 3299 445 3352; x_wconf 86' lang='lat' dir='ltr'><strong>Theod.</strong></span> <span class='ocrx_word' id='word_1_249' title='bbox 460 3301 520 3352; x_wconf 92' lang='lat' dir='ltr'><strong>XlV</strong></span> <span class='ocrx_word' id='word_1_250' title='bbox 539 3304 581 3352; x_wconf 91' lang='lat' dir='ltr'><strong>tit.</strong></span> <span class='ocrx_word' id='word_1_251' title='bbox 594 3301 631 3354; x_wconf 88' lang='lat' dir='ltr'><strong>lX</strong></span> <span class='ocrx_word' id='word_1_252' title='bbox 650 3304 681 3353; x_wconf 89' lang='lat' dir='ltr'><strong>de</strong></span> <span class='ocrx_word' id='word_1_253' title='bbox 693 3304 784 3354; x_wconf 85' lang='lat' dir='ltr'><strong>studiis</strong></span> <span class='ocrx_word' id='word_1_254' title='bbox 803 3303 956 3354; x_wconf 84' lang='lat' dir='ltr'><strong>liberalibus</strong></span> <span class='ocrx_word' id='word_1_255' title='bbox 968 3303 1040 3354; x_wconf 87' lang='lat' dir='ltr'><strong>urbis</strong></span> <span class='ocrx_word' id='word_1_256' title='bbox 1053 3302 1145 3355; x_wconf 87' lang='lat' dir='ltr'><strong>Romae</strong></span> <span class='ocrx_word' id='word_1_257' title='bbox 1160 3311 1186 3354; x_wconf 87' lang='lat' dir='ltr'><strong>et</strong></span> <span class='ocrx_word' id='word_1_258' title='bbox 1198 3305 1285 3371; x_wconf 88' lang='lat' dir='ltr'><strong>Cpolis</strong></span> 
     </span>
     <span class='ocr_line' id='line_1_31' title="bbox 142 3381 1286 3459; baseline 0.002 -24"><span class='ocrx_word' id='word_1_259' title='bbox 142 3383 194 3436; x_wconf 70' lang='lat' dir='ltr'><strong>md</strong></span> <span class='ocrx_word' id='word_1_260' title='bbox 213 3387 256 3446; x_wconf 60' lang='lat' dir='ltr'><strong>&lt;a</strong></span> <span class='ocrx_word' id='word_1_261' title='bbox 271 3383 345 3448; x_wconf 84' lang='lat' dir='ltr'><strong>Corp.</strong></span> <span class='ocrx_word' id='word_1_262' title='bbox 359 3381 420 3433; x_wconf 87' lang='lat' dir='ltr'><strong>lust.</strong></span> <span class='ocrx_word' id='word_1_263' title='bbox 438 3381 458 3431; x_wconf 97' lang='lat' dir='ltr'><strong>ll</strong></span> <span class='ocrx_word' id='word_1_264' title='bbox 477 3399 499 3448; x_wconf 94' lang='lat' dir='ltr'><strong>p.</strong></span> <span class='ocrx_word' id='word_1_265' title='bbox 513 3383 585 3440; x_wconf 74' lang='lat' dir='ltr'><strong>etat:</strong></span> <span class='ocrx_word' id='word_1_266' title='bbox 613 3384 674 3448; x_wconf 87' lang='lat' dir='ltr'><strong>„Sin</strong></span> <span class='ocrx_word' id='word_1_267' title='bbox 693 3391 776 3434; x_wconf 82' lang='lat' dir='ltr'><strong>autern</strong></span> <span class='ocrx_word' id='word_1_268' title='bbox 795 3399 827 3434; x_wconf 76' lang='lat' dir='ltr'><strong>ex</strong></span> <span class='ocrx_word' id='word_1_269' title='bbox 846 3399 931 3434; x_wconf 89' lang='lat' dir='ltr'><strong>eorum</strong></span> <span class='ocrx_word' id='word_1_270' title='bbox 950 3400 1053 3435; x_wconf 86' lang='lat' dir='ltr'><strong>numera</strong></span> <span class='ocrx_word' id='word_1_271' title='bbox 1072 3383 1167 3436; x_wconf 90' lang='lat' dir='ltr'><strong>luerint</strong></span> <span class='ocrx_word' id='word_1_272' title='bbox 1185 3386 1230 3459; x_wconf 81' lang='lat' dir='ltr'><strong>qui</strong></span> <span class='ocrx_word' id='word_1_273' title='bbox 1247 3388 1286 3437; x_wconf 91' lang='lat' dir='ltr'><strong>vi·</strong></span> 
     </span>
     <span class='ocr_line' id='line_1_32' title="bbox 141 3463 1285 3531; baseline 0.002 -15"><span class='ocrx_word' id='word_1_274' title='bbox 141 3467 234 3516; x_wconf 89' lang='lat' dir='ltr'><strong>dentur</strong></span> <span class='ocrx_word' id='word_1_275' title='bbox 258 3465 327 3516; x_wconf 82' lang='lat' dir='ltr'><strong>iutra</strong></span> <span class='ocrx_word' id='word_1_276' title='bbox 352 3463 472 3528; x_wconf 86' lang='lat' dir='ltr'><strong>Capitolii</strong></span> <span class='ocrx_word' id='word_1_277' title='bbox 495 3464 650 3514; x_wconf 88' lang='lat' dir='ltr'><strong>auditorium</strong></span> <span class='ocrx_word' id='word_1_278' title='bbox 673 3465 815 3529; x_wconf 82' lang='lat' dir='ltr'><strong>constituti,</strong></span> <span class='ocrx_word' id='word_1_279' title='bbox 840 3465 865 3514; x_wconf 93' lang='lat' dir='ltr'><strong>bi</strong></span> <span class='ocrx_word' id='word_1_280' title='bbox 888 3467 1001 3516; x_wconf 85' lang='lat' dir='ltr'><strong>omnibus</strong></span> <span class='ocrx_word' id='word_1_281' title='bbox 1025 3467 1106 3516; x_wconf 84' lang='lat' dir='ltr'><strong>modis</strong></span> <span class='ocrx_word' id='word_1_282' title='bbox 1130 3467 1285 3531; x_wconf 88' lang='lat' dir='ltr'><strong>privatarum</strong></span> 
     </span>
     <span class='ocr_line' id='line_1_33' title="bbox 139 3545 1286 3613; baseline -0.002 -11"><span class='ocrx_word' id='word_1_283' title='bbox 139 3549 239 3602; x_wconf 83' lang='lat' dir='ltr'><strong>aedium</strong></span> <span class='ocrx_word' id='word_1_284' title='bbox 259 3546 343 3596; x_wconf 85' lang='lat' dir='ltr'><strong>studia</strong></span> <span class='ocrx_word' id='word_1_285' title='bbox 363 3545 412 3595; x_wconf 88' lang='lat' dir='ltr'><strong>sibi</strong></span> <span class='ocrx_word' id='word_1_286' title='bbox 430 3545 567 3596; x_wconf 86' lang='lat' dir='ltr'><strong>interdicta</strong></span> <span class='ocrx_word' id='word_1_287' title='bbox 587 3561 644 3598; x_wconf 87' lang='lat' dir='ltr'><strong>esse</strong></span> <span class='ocrx_word' id='word_1_288' title='bbox 663 3553 824 3610; x_wconf 73' lang='lat' dir='ltr'><strong>cognoscant,</strong></span> <span class='ocrx_word' id='word_1_289' title='bbox 843 3548 944 3608; x_wconf 81' lang='lat' dir='ltr'><strong>scituri,</strong></span> <span class='ocrx_word' id='word_1_290' title='bbox 963 3549 1037 3613; x_wconf 86' lang='lat' dir='ltr'><strong>quod,</strong></span> <span class='ocrx_word' id='word_1_291' title='bbox 1056 3548 1078 3598; x_wconf 85' lang='lat' dir='ltr'><strong>si</strong></span> <span class='ocrx_word' id='word_1_292' title='bbox 1092 3549 1216 3600; x_wconf 85' lang='lat' dir='ltr'><strong>adversus</strong></span> <span class='ocrx_word' id='word_1_293' title='bbox 1228 3565 1286 3600; x_wconf 87' lang='lat' dir='ltr'><strong>coe·</strong></span> 
     </span>
     <span class='ocr_line' id='line_1_34' title="bbox 138 3625 1286 3696; baseline 0 -14"><span class='ocrx_word' id='word_1_294' title='bbox 138 3630 216 3682; x_wconf 78' lang='lat' dir='ltr'><strong>lestis</strong></span> <span class='ocrx_word' id='word_1_295' title='bbox 236 3634 334 3678; x_wconf 85' lang='lat' dir='ltr'><strong>statuta</strong></span> <span class='ocrx_word' id='word_1_296' title='bbox 353 3625 479 3677; x_wconf 86' lang='lat' dir='ltr'><strong>iacientes</strong></span> <span class='ocrx_word' id='word_1_297' title='bbox 497 3625 594 3678; x_wconf 86' lang='lat' dir='ltr'><strong>luerint</strong></span> <span class='ocrx_word' id='word_1_298' title='bbox 612 3627 775 3694; x_wconf 88' lang='lat' dir='ltr'><strong>deprehensi,</strong></span> <span class='ocrx_word' id='word_1_299' title='bbox 799 3629 864 3678; x_wconf 88' lang='lat' dir='ltr'><strong>nibil</strong></span> <span class='ocrx_word' id='word_1_300' title='bbox 886 3629 987 3694; x_wconf 87' lang='lat' dir='ltr'><strong>penitus</strong></span> <span class='ocrx_word' id='word_1_301' title='bbox 1006 3646 1039 3680; x_wconf 83' lang='lat' dir='ltr'><strong>ex</strong></span> <span class='ocrx_word' id='word_1_302' title='bbox 1064 3630 1120 3680; x_wconf 90' lang='lat' dir='ltr'><strong>illis</strong></span> <span class='ocrx_word' id='word_1_303' title='bbox 1138 3632 1286 3696; x_wconf 76' lang='lat' dir='ltr'><strong>privilegiis</strong></span> 
     </span>
     <span class='ocr_line' id='line_1_35' title="bbox 139 3711 1284 3778; baseline 0.003 -16"><span class='ocrx_word' id='word_1_304' title='bbox 139 3717 335 3776; x_wconf 83' lang='lat' dir='ltr'><strong>consequentur,</strong></span> <span class='ocrx_word' id='word_1_305' title='bbox 356 3726 419 3776; x_wconf 85' lang='lat' dir='ltr'><strong>quae</strong></span> <span class='ocrx_word' id='word_1_306' title='bbox 437 3711 485 3772; x_wconf 84' lang='lat' dir='ltr'><strong>bis,</strong></span> <span class='ocrx_word' id='word_1_307' title='bbox 505 3711 584 3776; x_wconf 89' lang='lat' dir='ltr'><strong>quiin</strong></span> <span class='ocrx_word' id='word_1_308' title='bbox 600 3711 838 3778; x_wconf 87' lang='lat' dir='ltr'><strong>Capitoliotantnm</strong></span> <span class='ocrx_word' id='word_1_309' title='bbox 857 3715 948 3764; x_wconf 88' lang='lat' dir='ltr'><strong>docere</strong></span> <span class='ocrx_word' id='word_1_310' title='bbox 961 3715 1089 3778; x_wconf 86' lang='lat' dir='ltr'><strong>praecepti</strong></span> <span class='ocrx_word' id='word_1_311' title='bbox 1108 3723 1175 3778; x_wconf 87' lang='lat' dir='ltr'><strong>sunt,</strong></span> <span class='ocrx_word' id='word_1_312' title='bbox 1193 3717 1284 3766; x_wconf 87' lang='lat' dir='ltr'><strong>marita</strong></span> 
     </span>
     <span class='ocr_line' id='line_1_36' title="bbox 139 3793 1286 3862; baseline 0.001 -16"><span class='ocrx_word' id='word_1_313' title='bbox 139 3793 317 3846; x_wconf 87' lang='lat' dir='ltr'><strong>dcleruotur“.</strong></span> <span class='ocrx_word' id='word_1_314' title='bbox 362 3794 465 3844; x_wconf 89' lang='lat' dir='ltr'><strong>Cledou.</strong></span> <span class='ocrx_word' id='word_1_315' title='bbox 494 3809 596 3858; x_wconf 82' lang='lat' dir='ltr'><strong>gramm.</strong></span> <span class='ocrx_word' id='word_1_316' title='bbox 620 3796 670 3860; x_wconf 86' lang='lat' dir='ltr'><strong>(ap.</strong></span> <span class='ocrx_word' id='word_1_317' title='bbox 690 3793 757 3846; x_wconf 84' lang='lat' dir='ltr'><strong>llcil.</strong></span> <span class='ocrx_word' id='word_1_318' title='bbox 782 3795 809 3845; x_wconf 89' lang='lat' dir='ltr'><strong>C.</strong></span> <span class='ocrx_word' id='word_1_319' title='bbox 833 3793 877 3845; x_wconf 86' lang='lat' dir='ltr'><strong>Gr.</strong></span> <span class='ocrx_word' id='word_1_320' title='bbox 902 3796 930 3846; x_wconf 84' lang='lat' dir='ltr'><strong>L.</strong></span> <span class='ocrx_word' id='word_1_321' title='bbox 953 3795 976 3846; x_wconf 93' lang='lat' dir='ltr'>V</span> <span class='ocrx_word' id='word_1_322' title='bbox 999 3797 1125 3861; x_wconf 81' lang='lat' dir='ltr'><strong>p.14‚4)=</strong></span> <span class='ocrx_word' id='word_1_323' title='bbox 1152 3795 1205 3861; x_wconf 84' lang='lat' dir='ltr'><strong>„Et</strong></span> <span class='ocrx_word' id='word_1_324' title='bbox 1228 3798 1286 3862; x_wconf 77' lang='lat' dir='ltr'><strong>qnia</strong></span> 
     </span>
     <span class='ocr_line' id='line_1_37' title="bbox 139 3875 1285 3945; baseline 0.003 -19"><span class='ocrx_word' id='word_1_325' title='bbox 139 3877 393 3944; x_wconf 85' lang='lat' dir='ltr'><strong>praetermittendum</strong></span> <span class='ocrx_word' id='word_1_326' title='bbox 405 3875 468 3926; x_wconf 86' lang='lat' dir='ltr'><strong>mibi</strong></span> <span class='ocrx_word' id='word_1_327' title='bbox 482 3892 530 3925; x_wconf 88' lang='lat' dir='ltr'><strong>non</strong></span> <span class='ocrx_word' id='word_1_328' title='bbox 545 3877 626 3928; x_wconf 84' lang='lat' dir='ltr'><strong>visum</strong></span> <span class='ocrx_word' id='word_1_329' title='bbox 641 3877 757 3942; x_wconf 89' lang='lat' dir='ltr'><strong>estquod</strong></span> <span class='ocrx_word' id='word_1_330' title='bbox 771 3883 879 3928; x_wconf 88' lang='lat' dir='ltr'><strong>eventus</strong></span> <span class='ocrx_word' id='word_1_331' title='bbox 889 3875 1025 3940; x_wconf 84' lang='lat' dir='ltr'><strong>admonuit,</strong></span> <span class='ocrx_word' id='word_1_332' title='bbox 1046 3877 1150 3941; x_wconf 86' lang='lat' dir='ltr'><strong>quodam</strong></span> <span class='ocrx_word' id='word_1_333' title='bbox 1164 3887 1285 3945; x_wconf 88' lang='lat' dir='ltr'><strong>tempore,</strong></span> 
     </span>
     <span class='ocr_line' id='line_1_38' title="bbox 139 3957 1285 4026; baseline 0.002 -17"><span class='ocrx_word' id='word_1_334' title='bbox 139 3961 197 4010; x_wconf 88' lang='lat' dir='ltr'><strong>dum</strong></span> <span class='ocrx_word' id='word_1_335' title='bbox 216 3975 258 4010; x_wconf 82' lang='lat' dir='ltr'><strong>aas</strong></span> <span class='ocrx_word' id='word_1_336' title='bbox 277 3959 302 4008; x_wconf 91' lang='lat' dir='ltr'><strong>in</strong></span> <span class='ocrx_word' id='word_1_337' title='bbox 322 3957 451 4022; x_wconf 87' lang='lat' dir='ltr'><strong>Capitolio</strong></span> <span class='ocrx_word' id='word_1_338' title='bbox 470 3958 510 4008; x_wconf 88' lang='lat' dir='ltr'><strong>dis</strong></span> <span class='ocrx_word' id='word_1_339' title='bbox 530 3959 683 4024; x_wconf 88' lang='lat' dir='ltr'><strong>competenti</strong></span> <span class='ocrx_word' id='word_1_340' title='bbox 702 3965 868 4020; x_wconf 84' lang='lat' dir='ltr'><strong>tractaretur,</strong></span> <span class='ocrx_word' id='word_1_341' title='bbox 886 3974 952 4008; x_wconf 86' lang='lat' dir='ltr'><strong>unus</strong></span> <span class='ocrx_word' id='word_1_342' title='bbox 970 3973 984 4007; x_wconf 88' lang='lat' dir='ltr'><strong>e</strong></span> <span class='ocrx_word' id='word_1_343' title='bbox 1002 3959 1153 4010; x_wconf 80' lang='lat' dir='ltr'><strong>ilar-antibus</strong></span> <span class='ocrx_word' id='word_1_344' title='bbox 1173 3961 1285 4026; x_wconf 87' lang='lat' dir='ltr'><strong>discipu-</strong></span> 
     </span>
     <span class='ocr_line' id='line_1_39' title="bbox 139 4039 1285 4107; baseline 0.002 -15"><span class='ocrx_word' id='word_1_345' title='bbox 139 4042 173 4092; x_wconf 88' lang='lat' dir='ltr'><strong>lis</strong></span> <span class='ocrx_word' id='word_1_346' title='bbox 193 4039 298 4091; x_wconf 86' lang='lat' dir='ltr'><strong>loanoes</strong></span> <span class='ocrx_word' id='word_1_347' title='bbox 317 4055 331 4090; x_wconf 85' lang='lat' dir='ltr'><strong>a</strong></span> <span class='ocrx_word' id='word_1_348' title='bbox 349 4039 514 4104; x_wconf 69' lang='lat' dir='ltr'><strong>grammatico</strong></span> <span class='ocrx_word' id='word_1_349' title='bbox 543 4041 619 4092; x_wconf 86' lang='lat' dir='ltr'><strong>venia</strong></span> <span class='ocrx_word' id='word_1_350' title='bbox 637 4041 767 4107; x_wconf 88' lang='lat' dir='ltr'><strong>postulata</strong></span> <span class='ocrx_word' id='word_1_351' title='bbox 796 4041 929 4090; x_wconf 88' lang='lat' dir='ltr'><strong>intendens</strong></span> <span class='ocrx_word' id='word_1_352' title='bbox 953 4040 978 4089; x_wconf 89' lang='lat' dir='ltr'><strong>iu</strong></span> <span class='ocrx_word' id='word_1_353' title='bbox 1003 4041 1111 4091; x_wconf 88' lang='lat' dir='ltr'><strong>alterum</strong></span> <span class='ocrx_word' id='word_1_354' title='bbox 1136 4042 1285 4094; x_wconf 87' lang='lat' dir='ltr'><strong>sciscitatus</strong></span> 
     </span>
     <span class='ocr_line' id='line_1_40' title="bbox 139 4121 1285 4198; baseline 0.001 -26"><span class='ocrx_word' id='word_1_355' title='bbox 139 4130 198 4174; x_wconf 86' lang='lat' dir='ltr'><strong>cst.</strong></span> <span class='ocrx_word' id='word_1_356' title='bbox 213 4159 220 4172; x_wconf 84' lang='lat'><strong>.</strong></span> <span class='ocrx_word' id='word_1_357' title='bbox 234 4123 271 4172; x_wconf 88' lang='lat'><strong>.“.</strong></span> <span class='ocrx_word' id='word_1_358' title='bbox 308 4123 429 4189; x_wconf 86' lang='lat' dir='ltr'><strong>Capitolii</strong></span> <span class='ocrx_word' id='word_1_359' title='bbox 448 4137 525 4188; x_wconf 89' lang='lat' dir='ltr'><strong>porro</strong></span> <span class='ocrx_word' id='word_1_360' title='bbox 544 4123 637 4172; x_wconf 86' lang='lat' dir='ltr'><strong>mentio</strong></span> <span class='ocrx_word' id='word_1_361' title='bbox 656 4129 697 4174; x_wconf 85' lang='lat' dir='ltr'><strong>est</strong></span> <span class='ocrx_word' id='word_1_362' title='bbox 720 4123 774 4173; x_wconf 90' lang='lat' dir='ltr'><strong>eod.</strong></span> <span class='ocrx_word' id='word_1_363' title='bbox 794 4121 854 4172; x_wconf 89' lang='lat' dir='ltr'><strong>lust.</strong></span> <span class='ocrx_word' id='word_1_364' title='bbox 874 4121 930 4172; x_wconf 95' lang='lat' dir='ltr'><strong>Vlll</strong></span> <span class='ocrx_word' id='word_1_365' title='bbox 950 4124 981 4176; x_wconf 86' lang='lat'><strong>10</strong></span> <span class='ocrx_word' id='word_1_366' title='bbox 1005 4123 1035 4172; x_wconf 89' lang='lat' dir='ltr'><strong>de</strong></span> <span class='ocrx_word' id='word_1_367' title='bbox 1056 4123 1179 4172; x_wconf 86' lang='lat' dir='ltr'><strong>aediliciis</strong></span> <span class='ocrx_word' id='word_1_368' title='bbox 1199 4124 1285 4198; x_wconf 77' lang='lat' dir='ltr'><strong>privu-</strong></span> 
     </span>
     <span class='ocr_line' id='line_1_41' title="bbox 137 4195 1297 4272; baseline -0.002 -18"><span class='ocrx_word' id='word_1_369' title='bbox 137 4205 173 4256; x_wconf 87' lang='lat' dir='ltr'><strong>tis</strong></span> <span class='ocrx_word' id='word_1_370' title='bbox 192 4203 278 4271; x_wconf 88' lang='lat' dir='ltr'><strong>(Corp.</strong></span> <span class='ocrx_word' id='word_1_371' title='bbox 297 4203 318 4254; x_wconf 89' lang='grc' dir='ltr'>Π</span> <span class='ocrx_word' id='word_1_372' title='bbox 336 4219 359 4270; x_wconf 86' lang='lat' dir='ltr'><strong>p.</strong></span> <span class='ocrx_word' id='word_1_373' title='bbox 371 4203 443 4270; x_wconf 84' lang='lat'>336):</span> <span class='ocrx_word' id='word_1_374' title='bbox 462 4199 541 4272; x_wconf 79' lang='grc' dir='ltr'><strong><em>Πρὸς</em></strong></span> <span class='ocrx_word' id='word_1_375' title='bbox 556 4195 663 4260; x_wconf 81' lang='grc' dir='ltr'><strong><em>τούτοις</em></strong></span> <span class='ocrx_word' id='word_1_376' title='bbox 680 4197 926 4271; x_wconf 70' lang='grc' dir='ltr'><strong><em>παρακελευόμεθα</em></strong></span> <span class='ocrx_word' id='word_1_377' title='bbox 944 4201 1040 4269; x_wconf 81' lang='grc' dir='ltr'><strong><em>μηδενὶ</em></strong></span> <span class='ocrx_word' id='word_1_378' title='bbox 1058 4199 1156 4260; x_wconf 73' lang='grc' dir='ltr'><strong><em>ἐξεῖναι</em></strong></span> <span class='ocrx_word' id='word_1_379' title='bbox 1168 4200 1297 4261; x_wconf 75' lang='grc' dir='ltr'><strong>πολλοὺς,</strong></span> 
     </span>
     <span class='ocr_line' id='line_1_42' title="bbox 138 4280 1285 4355; baseline -0.002 -17"><span class='ocrx_word' id='word_1_380' title='bbox 138 4285 235 4355; x_wconf 74' lang='grc' dir='ltr'><strong><em>ἐφεξῆς</em></strong></span> <span class='ocrx_word' id='word_1_381' title='bbox 251 4283 345 4342; x_wconf 71' lang='lat' dir='ltr'><strong>sadaca</strong></span> <span class='ocrx_word' id='word_1_382' title='bbox 362 4285 392 4340; x_wconf 74' lang='grc' dir='ltr'><strong>ἐν</strong></span> <span class='ocrx_word' id='word_1_383' title='bbox 409 4289 466 4342; x_wconf 87' lang='grc' dir='ltr'><strong><em>ταῖς</em></strong></span> <span class='ocrx_word' id='word_1_384' title='bbox 483 4285 628 4352; x_wconf 78' lang='grc' dir='ltr'><strong><em>δημοσίαις</em></strong></span> <span class='ocrx_word' id='word_1_385' title='bbox 646 4290 739 4342; x_wconf 87' lang='grc' dir='ltr'><strong><em>στοαῖς</em></strong></span> <span class='ocrx_word' id='word_1_386' title='bbox 757 4289 815 4343; x_wconf 85' lang='grc' dir='ltr'><strong><em>ταῖς</em></strong></span> <span class='ocrx_word' id='word_1_387' title='bbox 838 4280 895 4336; x_wconf 81' lang='grc' dir='ltr'><strong>ἀπὸ</strong></span> <span class='ocrx_word' id='word_1_388' title='bbox 918 4285 967 4336; x_wconf 81' lang='grc' dir='ltr'><strong>τοῦ</strong></span> <span class='ocrx_word' id='word_1_389' title='bbox 989 4286 1159 4354; x_wconf 76' lang='grc' dir='ltr'><strong><em>καλουμένου</em></strong></span> <span class='ocrx_word' id='word_1_390' title='bbox 1176 4285 1285 4336; x_wconf 78' lang='lat' dir='ltr'><strong>Mellae</strong></span> 
     </span>
    </p>
   </div>
   <div class='ocr_carea' id='block_1_6' title="bbox 140 4357 1285 4516">
    <p class='ocr_par' dir='ltr' id='par_1_11' title="bbox 140 4357 1285 4516">
     <span class='ocr_line' id='line_1_43' title="bbox 140 4357 1285 4438; baseline 0.002 -22"><span class='ocrx_word' id='word_1_391' title='bbox 140 4363 204 4437; x_wconf 76' lang='grc' dir='ltr'><strong><em>ἄχρι</em></strong></span> <span class='ocrx_word' id='word_1_392' title='bbox 226 4366 274 4418; x_wconf 84' lang='grc' dir='ltr'><strong>τοῦ</strong></span> <span class='ocrx_word' id='word_1_393' title='bbox 300 4369 479 4418; x_wconf 82' lang='grc' dir='ltr'><strong><em>Καπετωλίου</em></strong></span> <span class='ocrx_word' id='word_1_394' title='bbox 506 4360 696 4438; x_wconf 62' lang='lat' dir='ltr'><strong>&amp;campolum</strong></span> <span class='ocrx_word' id='word_1_395' title='bbox 718 4357 866 4436; x_wconf 77' lang='grc' dir='ltr'><strong><em>οἰκήμασιν</em></strong></span> <span class='ocrx_word' id='word_1_396' title='bbox 888 4365 917 4418; x_wconf 69' lang='grc' dir='ltr'><strong>ἐκ</strong></span> <span class='ocrx_word' id='word_1_397' title='bbox 943 4365 1066 4420; x_wconf 76' lang='grc' dir='ltr'><strong><em>σανίδων</em></strong></span> <span class='ocrx_word' id='word_1_398' title='bbox 1082 4362 1177 4433; x_wconf 88' lang='grc' dir='ltr'><strong><em>μόνων</em></strong></span> <span class='ocrx_word' id='word_1_399' title='bbox 1199 4359 1216 4432; x_wconf 78' lang='grc' dir='ltr'>ἢ</span> <span class='ocrx_word' id='word_1_400' title='bbox 1240 4369 1285 4418; x_wconf 82' lang='grc' dir='ltr'><strong><em>καὶ</em></strong></span> 
     </span>
     <span class='ocr_line' id='line_1_44' title="bbox 140 4437 1284 4516; baseline 0.003 -20"><span class='ocrx_word' id='word_1_401' title='bbox 140 4445 223 4505; x_wconf 70' lang='grc' dir='ltr'><strong><em>ἄλλως</em></strong></span> <span class='ocrx_word' id='word_1_402' title='bbox 239 4447 269 4499; x_wconf 76' lang='grc' dir='ltr'><strong>ἐν</strong></span> <span class='ocrx_word' id='word_1_403' title='bbox 285 4449 361 4516; x_wconf 82' lang='grc' dir='ltr'><strong><em>μέσῳ</em></strong></span> <span class='ocrx_word' id='word_1_404' title='bbox 378 4448 432 4500; x_wconf 77' lang='grc' dir='ltr'><strong>τῶν</strong></span> <span class='ocrx_word' id='word_1_405' title='bbox 449 4437 549 4502; x_wconf 83' lang='grc' dir='ltr'><strong><em>κιόνων</em></strong></span> <span class='ocrx_word' id='word_1_406' title='bbox 566 4448 849 4514; x_wconf 81' lang='grc' dir='ltr'><strong><em>κατασκευαζομένοις.</em></strong></span> <span class='ocrx_word' id='word_1_407' title='bbox 884 4448 997 4500; x_wconf 87' lang='lat' dir='ltr'><strong>Prolatis</strong></span> <span class='ocrx_word' id='word_1_408' title='bbox 1016 4449 1096 4512; x_wconf 78' lang='lat' dir='ltr'><strong>igitur</strong></span> <span class='ocrx_word' id='word_1_409' title='bbox 1109 4450 1150 4500; x_wconf 89' lang='lat' dir='ltr'><strong>bis</strong></span> <span class='ocrx_word' id='word_1_410' title='bbox 1170 4451 1284 4501; x_wconf 87' lang='lat' dir='ltr'><strong>testimo-</strong></span> 
     </span>
    </p>
   </div>
   <div class='ocr_carea' id='block_1_7' title="bbox 0 0 1594 5236">
    <p class='ocr_par' dir='ltr' id='par_1_12' title="bbox 0 0 1594 5236">
     <span class='ocr_line' id='line_1_45' title="bbox 0 0 1594 5236; baseline 0 0"><span class='ocrx_word' id='word_1_411' title='bbox 0 0 1594 5236; x_wconf 95' lang='lat' dir='ltr'><strong> </strong></span> 
     </span>
    </p>
   </div>
  </div>
 </body>
</html>
