<?xml version="1.0" encoding="UTF-8"?>
<!DOCTYPE html PUBLIC "-//W3C//DTD XHTML 1.0 Transitional//EN"
    "http://www.w3.org/TR/xhtml1/DTD/xhtml1-transitional.dtd">
<html xmlns="http://www.w3.org/1999/xhtml" xml:lang="en" lang="en">
 <head>
  <title>
</title>
<meta http-equiv="Content-Type" content="text/html;charset=utf-8" />
  <meta name='ocr-system' content='tesseract 3.04.00' />
  <meta name='ocr-capabilities' content='ocr_page ocr_carea ocr_par ocr_line ocrx_word'/>
</head>
<body>
  <div class='ocr_page' id='page_1' title='image "./decapitoliisimp00kuhfgoog_0078.png"; bbox 0 0 3180 5236; ppageno 0'>
   <div class='ocr_carea' id='block_1_1' title="bbox 616 373 839 436">
    <p class='ocr_par' dir='ltr' id='par_1_1' title="bbox 616 373 839 436">
     <span class='ocr_line' id='line_1_1' title="bbox 616 373 839 436; baseline 0 -16"><span class='ocrx_word' id='word_1_1' title='bbox 616 373 839 436; x_wconf 73' lang='lat'><strong>..73-</strong></span> 
     </span>
    </p>
   </div>
   <div class='ocr_carea' id='block_1_2' title="bbox 69 549 1304 2603">
    <p class='ocr_par' dir='ltr' id='par_1_2' title="bbox 69 549 1304 1516">
     <span class='ocr_line' id='line_1_2' title="bbox 152 549 1301 632; baseline 0.003 -22"><span class='ocrx_word' id='word_1_2' title='bbox 152 549 262 611; x_wconf 89' lang='lat' dir='ltr'>Mariae</span> <span class='ocrx_word' id='word_1_3' title='bbox 285 557 354 610; x_wconf 88' lang='lat' dir='ltr'>ante</span> <span class='ocrx_word' id='word_1_4' title='bbox 377 557 515 628; x_wconf 91' lang='lat' dir='ltr'>portam</span> <span class='ocrx_word' id='word_1_5' title='bbox 540 550 705 629; x_wconf 84' lang='lat' dir='ltr'>Nigram,</span> <span class='ocrx_word' id='word_1_6' title='bbox 729 551 757 612; x_wconf 93' lang='lat' dir='ltr'>id</span> <span class='ocrx_word' id='word_1_7' title='bbox 781 559 825 613; x_wconf 90' lang='lat' dir='ltr'>est</span> <span class='ocrx_word' id='word_1_8' title='bbox 848 561 928 614; x_wconf 89' lang='lat' dir='ltr'>extra</span> <span class='ocrx_word' id='word_1_9' title='bbox 952 553 1057 614; x_wconf 90' lang='lat' dir='ltr'>veteris</span> <span class='ocrx_word' id='word_1_10' title='bbox 1081 552 1179 632; x_wconf 88' lang='lat' dir='ltr'>oppidi</span> <span class='ocrx_word' id='word_1_11' title='bbox 1197 571 1301 613; x_wconf 90' lang='lat' dir='ltr'>muros</span> 
     </span>
     <span class='ocr_line' id='line_1_3' title="bbox 152 649 1303 730; baseline 0 -20"><span class='ocrx_word' id='word_1_12' title='bbox 152 650 212 710; x_wconf 88' lang='lat' dir='ltr'>sita</span> <span class='ocrx_word' id='word_1_13' title='bbox 242 659 303 718; x_wconf 90' lang='lat' dir='ltr'>est,</span> <span class='ocrx_word' id='word_1_14' title='bbox 332 666 399 710; x_wconf 90' lang='lat' dir='ltr'>cum</span> <span class='ocrx_word' id='word_1_15' title='bbox 428 658 526 712; x_wconf 91' lang='lat' dir='ltr'>tamen</span> <span class='ocrx_word' id='word_1_16' title='bbox 551 649 726 729; x_wconf 79' lang='lat' dir='ltr'><strong>Capitolium</strong></span> <span class='ocrx_word' id='word_1_17' title='bbox 757 651 813 712; x_wconf 92' lang='lat' dir='ltr'>nisi</span> <span class='ocrx_word' id='word_1_18' title='bbox 840 651 916 712; x_wconf 90' lang='lat' dir='ltr'>intra</span> <span class='ocrx_word' id='word_1_19' title='bbox 940 652 1082 730; x_wconf 93' lang='lat' dir='ltr'>oppidum</span> <span class='ocrx_word' id='word_1_20' title='bbox 1105 651 1225 729; x_wconf 84' lang='lat' dir='ltr'>cogitari</span> <span class='ocrx_word' id='word_1_21' title='bbox 1248 669 1303 711; x_wconf 92' lang='lat' dir='ltr'>ne-</span> 
     </span>
     <span class='ocr_line' id='line_1_4' title="bbox 151 748 1304 828; baseline -0.002 -18"><span class='ocrx_word' id='word_1_22' title='bbox 151 756 253 828; x_wconf 92' lang='lat' dir='ltr'>queat.</span> <span class='ocrx_word' id='word_1_23' title='bbox 304 748 391 819; x_wconf 82' lang='lat' dir='ltr'>Quod</span> <span class='ocrx_word' id='word_1_24' title='bbox 419 767 486 808; x_wconf 92' lang='lat' dir='ltr'>cum</span> <span class='ocrx_word' id='word_1_25' title='bbox 515 748 670 828; x_wconf 89' lang='lat' dir='ltr'>antiquarii</span> <span class='ocrx_word' id='word_1_26' title='bbox 701 755 780 810; x_wconf 87' lang='lat' dir='ltr'>recte</span> <span class='ocrx_word' id='word_1_27' title='bbox 811 750 1023 828; x_wconf 76' lang='lat' dir='ltr'>intelligerent,</span> <span class='ocrx_word' id='word_1_28' title='bbox 1056 750 1129 810; x_wconf 85' lang='lat' dir='ltr'>alius</span> <span class='ocrx_word' id='word_1_29' title='bbox 1160 749 1216 808; x_wconf 91' lang='lat' dir='ltr'>alio</span> <span class='ocrx_word' id='word_1_30' title='bbox 1239 750 1304 809; x_wconf 89' lang='lat' dir='ltr'>loco</span> 
     </span>
     <span class='ocr_line' id='line_1_5' title="bbox 152 845 1301 926; baseline -0.001 -18"><span class='ocrx_word' id='word_1_31' title='bbox 152 845 290 926; x_wconf 88' lang='lat' dir='ltr'>Capitolii</span> <span class='ocrx_word' id='word_1_32' title='bbox 320 847 439 924; x_wconf 85' lang='lat' dir='ltr'>vestigia</span> <span class='ocrx_word' id='word_1_33' title='bbox 472 847 641 926; x_wconf 90' lang='lat' dir='ltr'>quaerenda</span> <span class='ocrx_word' id='word_1_34' title='bbox 673 866 740 908; x_wconf 90' lang='lat' dir='ltr'>esse</span> <span class='ocrx_word' id='word_1_35' title='bbox 767 847 924 909; x_wconf 77' lang='lat' dir='ltr'>arbitratus</span> <span class='ocrx_word' id='word_1_36' title='bbox 953 857 1007 909; x_wconf 87' lang='lat' dir='ltr'>est.</span> <span class='ocrx_word' id='word_1_37' title='bbox 1063 848 1173 908; x_wconf 86' lang='lat' dir='ltr'>Verum</span> <span class='ocrx_word' id='word_1_38' title='bbox 1202 855 1301 908; x_wconf 91' lang='lat' dir='ltr'>tamen</span> 
     </span>
     <span class='ocr_line' id='line_1_6' title="bbox 151 944 1303 1025; baseline 0 -21"><span class='ocrx_word' id='word_1_39' title='bbox 151 964 225 1006; x_wconf 91' lang='lat' dir='ltr'>cum</span> <span class='ocrx_word' id='word_1_40' title='bbox 247 944 450 1006; x_wconf 80' lang='lat' dir='ltr'>fundamentis</span> <span class='ocrx_word' id='word_1_41' title='bbox 474 945 612 1006; x_wconf 86' lang='lat' dir='ltr'>ecclesiae</span> <span class='ocrx_word' id='word_1_42' title='bbox 629 945 753 1006; x_wconf 88' lang='lat' dir='ltr'>detectis</span> <span class='ocrx_word' id='word_1_43' title='bbox 777 947 943 1025; x_wconf 87' lang='lat' dir='ltr'>„praeclara</span> <span class='ocrx_word' id='word_1_44' title='bbox 960 945 1057 1024; x_wconf 92' lang='lat' dir='ltr'>operis</span> <span class='ocrx_word' id='word_1_45' title='bbox 1074 945 1198 1006; x_wconf 86' lang='lat' dir='ltr'>Romani</span> <span class='ocrx_word' id='word_1_46' title='bbox 1214 945 1303 1006; x_wconf 87' lang='lat' dir='ltr'>vesti-</span> 
     </span>
     <span class='ocr_line' id='line_1_7' title="bbox 151 1043 1302 1124; baseline -0.001 -20"><span class='ocrx_word' id='word_1_47' title='bbox 151 1043 219 1122; x_wconf 84' lang='lat' dir='ltr'>gia&#39;’</span> <span class='ocrx_word' id='word_1_48' title='bbox 242 1044 272 1103; x_wconf 94' lang='lat' dir='ltr'>in</span> <span class='ocrx_word' id='word_1_49' title='bbox 295 1043 453 1104; x_wconf 85' lang='lat' dir='ltr'>ruderibus</span> <span class='ocrx_word' id='word_1_50' title='bbox 476 1043 539 1104; x_wconf 91' lang='lat' dir='ltr'>eius</span> <span class='ocrx_word' id='word_1_51' title='bbox 563 1045 742 1110; x_wconf 79' lang='lat' dir='ltr'>viserentur.</span> <span class='ocrx_word' id='word_1_52' title='bbox 766 1044 800 1105; x_wconf 91' lang='lat' dir='ltr'>ad</span> <span class='ocrx_word' id='word_1_53' title='bbox 825 1045 980 1124; x_wconf 88' lang='lat' dir='ltr'>antiquum</span> <span class='ocrx_word' id='word_1_54' title='bbox 1004 1044 1120 1122; x_wconf 86' lang='lat' dir='ltr'>aliquod</span> <span class='ocrx_word' id='word_1_55' title='bbox 1137 1043 1302 1104; x_wconf 86' lang='lat' dir='ltr'>aediticium</span> 
     </span>
     <span class='ocr_line' id='line_1_8' title="bbox 69 1141 1302 1222; baseline -0.001 -20"><span class='ocrx_word' id='word_1_56' title='bbox 69 1175 72 1180; x_wconf 85' lang='lat'>.</span> <span class='ocrx_word' id='word_1_57' title='bbox 150 1141 295 1222; x_wconf 86' lang='lat' dir='ltr'>reliquias</span> <span class='ocrx_word' id='word_1_58' title='bbox 317 1149 449 1220; x_wconf 87' lang='lat' dir='ltr'>spectare</span> <span class='ocrx_word' id='word_1_59' title='bbox 473 1160 577 1202; x_wconf 89' lang='lat' dir='ltr'>omnes</span> <span class='ocrx_word' id='word_1_60' title='bbox 600 1144 662 1204; x_wconf 88' lang='lat' dir='ltr'>iere</span> <span class='ocrx_word' id='word_1_61' title='bbox 689 1152 880 1222; x_wconf 87' lang='lat' dir='ltr'>putaverunt.</span> <span class='ocrx_word' id='word_1_62' title='bbox 926 1143 998 1203; x_wconf 94' lang='lat' dir='ltr'>lllud</span> <span class='ocrx_word' id='word_1_63' title='bbox 1023 1143 1174 1202; x_wconf 83' lang='lat' dir='ltr'>Pantheon</span> <span class='ocrx_word' id='word_1_64' title='bbox 1199 1141 1302 1212; x_wconf 89' lang='lat' dir='ltr'>luisse,</span> 
     </span>
     <span class='ocr_line' id='line_1_9' title="bbox 151 1240 1302 1321; baseline -0.003 -19"><span class='ocrx_word' id='word_1_65' title='bbox 151 1261 218 1302; x_wconf 92' lang='lat' dir='ltr'>non</span> <span class='ocrx_word' id='word_1_66' title='bbox 241 1240 432 1319; x_wconf 86' lang='lat' dir='ltr'>Capitolium,</span> <span class='ocrx_word' id='word_1_67' title='bbox 462 1241 622 1302; x_wconf 86' lang='lat' dir='ltr'>censebant</span> <span class='ocrx_word' id='word_1_68' title='bbox 647 1241 839 1321; x_wconf 81' lang='lat' dir='ltr'>Wyttenbach</span> <span class='ocrx_word' id='word_1_69' title='bbox 863 1250 892 1303; x_wconf 93' lang='lat' dir='ltr'>et</span> <span class='ocrx_word' id='word_1_70' title='bbox 915 1242 1073 1302; x_wconf 85' lang='lat' dir='ltr'>Muellerus</span> <span class='ocrx_word' id='word_1_71' title='bbox 1106 1241 1199 1319; x_wconf 86' lang='lat' dir='ltr'>(Gest.</span> <span class='ocrx_word' id='word_1_72' title='bbox 1216 1240 1302 1310; x_wconf 88' lang='lat' dir='ltr'>Trev,</span> 
     </span>
     <span class='ocr_line' id='line_1_10' title="bbox 153 1338 1303 1419; baseline -0.002 -19"><span class='ocrx_word' id='word_1_73' title='bbox 153 1359 221 1419; x_wconf 92' lang='lat' dir='ltr'>cap.</span> <span class='ocrx_word' id='word_1_74' title='bbox 238 1338 355 1398; x_wconf 86' lang='lat' dir='ltr'>XXVlll</span> <span class='ocrx_word' id='word_1_75' title='bbox 370 1338 466 1416; x_wconf 82' lang='lat' dir='ltr'>adn),</span> <span class='ocrx_word' id='word_1_76' title='bbox 489 1340 628 1401; x_wconf 77' lang='lat' dir='ltr'>ecclesiae</span> <span class='ocrx_word' id='word_1_77' title='bbox 651 1341 716 1402; x_wconf 90' lang='lat' dir='ltr'>loco</span> <span class='ocrx_word' id='word_1_78' title='bbox 733 1341 829 1401; x_wconf 89' lang='lat' dir='ltr'>villam</span> <span class='ocrx_word' id='word_1_79' title='bbox 855 1341 955 1412; x_wconf 85' lang='lat' dir='ltr'>luisse,</span> <span class='ocrx_word' id='word_1_80' title='bbox 978 1358 1038 1400; x_wconf 92' lang='lat' dir='ltr'>non</span> <span class='ocrx_word' id='word_1_81' title='bbox 1058 1339 1155 1418; x_wconf 84' lang='lat' dir='ltr'>magni</span> <span class='ocrx_word' id='word_1_82' title='bbox 1172 1338 1303 1400; x_wconf 89' lang='lat' dir='ltr'>nominis</span> 
     </span>
     <span class='ocr_line' id='line_1_11' title="bbox 152 1437 1303 1516; baseline -0.003 -16"><span class='ocrx_word' id='word_1_83' title='bbox 152 1437 331 1508; x_wconf 88' lang='lat' dir='ltr'>aedificium,</span> <span class='ocrx_word' id='word_1_84' title='bbox 347 1457 382 1498; x_wconf 84' lang='lat' dir='ltr'>ex</span> <span class='ocrx_word' id='word_1_85' title='bbox 398 1438 609 1500; x_wconf 83' lang='lat' dir='ltr'>effossionibus</span> <span class='ocrx_word' id='word_1_86' title='bbox 625 1439 665 1498; x_wconf 93' lang='lat' dir='ltr'>ibi</span> <span class='ocrx_word' id='word_1_87' title='bbox 681 1439 824 1499; x_wconf 90' lang='lat' dir='ltr'>institutis</span> <span class='ocrx_word' id='word_1_88' title='bbox 842 1439 935 1498; x_wconf 85' lang='lat' dir='ltr'>elleoit</span> <span class='ocrx_word' id='word_1_89' title='bbox 949 1439 1041 1498; x_wconf 86' lang='lat' dir='ltr'>Linde</span> <span class='ocrx_word' id='word_1_90' title='bbox 1057 1439 1124 1513; x_wconf 79' lang='grc'><strong>(1.1.</strong></span> <span class='ocrx_word' id='word_1_91' title='bbox 1139 1457 1166 1516; x_wconf 93' lang='lat' dir='ltr'>p.</span> <span class='ocrx_word' id='word_1_92' title='bbox 1182 1437 1303 1508; x_wconf 83' lang='grc'><strong>38-121.</strong></span> 
     </span>
    </p>

    <p class='ocr_par' dir='ltr' id='par_1_3' title="bbox 153 1535 1304 2010">
     <span class='ocr_line' id='line_1_12' title="bbox 241 1535 1303 1618; baseline 0 -22"><span class='ocrx_word' id='word_1_93' title='bbox 241 1536 355 1598; x_wconf 85' lang='lat' dir='ltr'>Deinde</span> <span class='ocrx_word' id='word_1_94' title='bbox 369 1537 501 1610; x_wconf 87' lang='lat' dir='ltr'>fuerunt,</span> <span class='ocrx_word' id='word_1_95' title='bbox 523 1538 574 1617; x_wconf 90' lang='lat' dir='ltr'>qui</span> <span class='ocrx_word' id='word_1_96' title='bbox 594 1545 708 1616; x_wconf 88' lang='lat' dir='ltr'>portam</span> <span class='ocrx_word' id='word_1_97' title='bbox 726 1537 853 1614; x_wconf 86' lang='lat' dir='ltr'>Nigram,</span> <span class='ocrx_word' id='word_1_98' title='bbox 877 1555 964 1616; x_wconf 91' lang='lat' dir='ltr'>quam</span> <span class='ocrx_word' id='word_1_99' title='bbox 982 1538 1083 1618; x_wconf 86' lang='lat' dir='ltr'>Poppo</span> <span class='ocrx_word' id='word_1_100' title='bbox 1105 1535 1303 1616; x_wconf 86' lang='lat' dir='ltr'>archiepisco-</span> 
     </span>
     <span class='ocr_line' id='line_1_13' title="bbox 153 1635 1304 1715; baseline -0.002 -19"><span class='ocrx_word' id='word_1_101' title='bbox 153 1655 214 1715; x_wconf 93' lang='lat' dir='ltr'>pus</span> <span class='ocrx_word' id='word_1_102' title='bbox 236 1635 349 1695; x_wconf 80' lang='lat' dir='ltr'>Treuir.</span> <span class='ocrx_word' id='word_1_103' title='bbox 364 1653 443 1696; x_wconf 91' lang='lat' dir='ltr'>anno</span> <span class='ocrx_word' id='word_1_104' title='bbox 463 1635 542 1696; x_wconf 86' lang='grc'><strong>1035</strong></span> <span class='ocrx_word' id='word_1_105' title='bbox 564 1655 588 1696; x_wconf 93' lang='lat' dir='ltr'>s.</span> <span class='ocrx_word' id='word_1_106' title='bbox 605 1636 748 1697; x_wconf 88' lang='lat' dir='ltr'>Simeonis</span> <span class='ocrx_word' id='word_1_107' title='bbox 772 1637 801 1695; x_wconf 93' lang='lat' dir='ltr'>in</span> <span class='ocrx_word' id='word_1_108' title='bbox 826 1637 980 1698; x_wconf 89' lang='lat' dir='ltr'>ecclesiam</span> <span class='ocrx_word' id='word_1_109' title='bbox 1005 1637 1159 1709; x_wconf 89' lang='lat' dir='ltr'>convertit,</span> <span class='ocrx_word' id='word_1_110' title='bbox 1183 1635 1304 1715; x_wconf 89' lang='lat' dir='ltr'>Capito-</span> 
     </span>
     <span class='ocr_line' id='line_1_14' title="bbox 153 1733 1304 1814; baseline -0.002 -20"><span class='ocrx_word' id='word_1_111' title='bbox 153 1735 402 1813; x_wconf 29' lang='lat' dir='ltr'>liumlpraestare</span> <span class='ocrx_word' id='word_1_112' title='bbox 424 1733 634 1812; x_wconf 72' lang='lat' dir='ltr'>docerent²⁷³p</span> <span class='ocrx_word' id='word_1_113' title='bbox 671 1736 753 1808; x_wconf 83' lang='lat' dir='ltr'>Quae</span> <span class='ocrx_word' id='word_1_114' title='bbox 776 1735 854 1814; x_wconf 92' lang='lat' dir='ltr'>quali</span> <span class='ocrx_word' id='word_1_115' title='bbox 878 1735 945 1796; x_wconf 92' lang='lat' dir='ltr'>usui</span> <span class='ocrx_word' id='word_1_116' title='bbox 967 1735 1055 1796; x_wconf 84' lang='lat' dir='ltr'>luerit</span> <span class='ocrx_word' id='word_1_117' title='bbox 1079 1743 1235 1814; x_wconf 86' lang='lat' dir='ltr'>postquam</span> <span class='ocrx_word' id='word_1_118' title='bbox 1252 1733 1304 1793; x_wconf 90' lang='lat' dir='ltr'>diu</span> 
     </span>
     <span class='ocr_line' id='line_1_15' title="bbox 154 1831 1303 1912; baseline 0 -20"><span class='ocrx_word' id='word_1_119' title='bbox 154 1831 316 1911; x_wconf 90' lang='lat' dir='ltr'>antiquarii</span> <span class='ocrx_word' id='word_1_120' title='bbox 348 1833 426 1892; x_wconf 89' lang='lat' dir='ltr'>inter</span> <span class='ocrx_word' id='word_1_121' title='bbox 456 1853 487 1893; x_wconf 88' lang='lat' dir='ltr'>se</span> <span class='ocrx_word' id='word_1_122' title='bbox 520 1833 800 1912; x_wconf 71' lang='lat' dir='ltr'>disceptarunt⁹⁷⁴),</span> <span class='ocrx_word' id='word_1_123' title='bbox 834 1851 916 1894; x_wconf 90' lang='lat' dir='ltr'>nunc</span> <span class='ocrx_word' id='word_1_124' title='bbox 950 1833 1069 1912; x_wconf 90' lang='lat' dir='ltr'>quidem</span> <span class='ocrx_word' id='word_1_125' title='bbox 1106 1833 1188 1894; x_wconf 91' lang='lat' dir='ltr'>urhis</span> <span class='ocrx_word' id='word_1_126' title='bbox 1220 1839 1303 1911; x_wconf 89' lang='lat' dir='ltr'>porta</span> 
     </span>
     <span class='ocr_line' id='line_1_16' title="bbox 153 1913 724 2010; baseline 0.002 -19"><span class='ocrx_word' id='word_1_127' title='bbox 153 1949 252 2010; x_wconf 90' lang='lat' dir='ltr'>eaque</span> <span class='ocrx_word' id='word_1_128' title='bbox 274 1913 463 2010; x_wconf 84' lang='lat' dir='ltr'>triumphalis</span> <span class='ocrx_word' id='word_1_129' title='bbox 486 1932 572 2009; x_wconf 85' lang='lat' dir='ltr'>vulgo</span> <span class='ocrx_word' id='word_1_130' title='bbox 595 1938 724 2010; x_wconf 91' lang='lat' dir='ltr'>putatur.</span> 
     </span>
    </p>

    <p class='ocr_par' dir='ltr' id='par_1_4' title="bbox 157 2029 1304 2504">
     <span class='ocr_line' id='line_1_17' title="bbox 244 2029 1302 2110; baseline -0.002 -20"><span class='ocrx_word' id='word_1_131' title='bbox 244 2029 380 2090; x_wconf 82' lang='lat' dir='ltr'>Fortasse</span> <span class='ocrx_word' id='word_1_132' title='bbox 412 2030 479 2110; x_wconf 91' lang='lat' dir='ltr'>quis</span> <span class='ocrx_word' id='word_1_133' title='bbox 510 2030 632 2103; x_wconf 79' lang='lat' dir='ltr'>dixerit,</span> <span class='ocrx_word' id='word_1_134' title='bbox 666 2032 744 2110; x_wconf 94' lang='lat' dir='ltr'>quod</span> <span class='ocrx_word' id='word_1_135' title='bbox 776 2031 873 2092; x_wconf 89' lang='lat' dir='ltr'>Gestis</span> <span class='ocrx_word' id='word_1_136' title='bbox 902 2031 1092 2092; x_wconf 87' lang='lat' dir='ltr'>Trevirorum</span> <span class='ocrx_word' id='word_1_137' title='bbox 1126 2029 1247 2092; x_wconf 88' lang='lat' dir='ltr'>ecclesia</span> <span class='ocrx_word' id='word_1_138' title='bbox 1280 2049 1302 2089; x_wconf 90' lang='lat' dir='ltr'>s.</span> 
     </span>
     <span class='ocr_line' id='line_1_18' title="bbox 158 2127 1304 2209; baseline -0.002 -19"><span class='ocrx_word' id='word_1_139' title='bbox 158 2127 319 2190; x_wconf 85' lang='lat' dir='ltr'>Salvatoris</span> <span class='ocrx_word' id='word_1_140' title='bbox 338 2128 371 2188; x_wconf 90' lang='lat' dir='ltr'>in</span> <span class='ocrx_word' id='word_1_141' title='bbox 383 2128 523 2207; x_wconf 82' lang='lat' dir='ltr'>Capitolio</span> <span class='ocrx_word' id='word_1_142' title='bbox 542 2139 801 2199; x_wconf 86' lang='lat' dir='ltr'>commemoretur,</span> <span class='ocrx_word' id='word_1_143' title='bbox 827 2149 861 2190; x_wconf 86' lang='lat' dir='ltr'>ea</span> <span class='ocrx_word' id='word_1_144' title='bbox 883 2149 916 2190; x_wconf 93' lang='lat' dir='ltr'>re</span> <span class='ocrx_word' id='word_1_145' title='bbox 937 2131 973 2188; x_wconf 90' lang='lat' dir='ltr'>ad</span> <span class='ocrx_word' id='word_1_146' title='bbox 990 2130 1091 2209; x_wconf 85' lang='lat' dir='ltr'>templi</span> <span class='ocrx_word' id='word_1_147' title='bbox 1107 2129 1203 2190; x_wconf 89' lang='lat' dir='ltr'>locum</span> <span class='ocrx_word' id='word_1_148' title='bbox 1219 2129 1304 2188; x_wconf 91' lang='lat' dir='ltr'>inda·</span> 
     </span>
     <span class='ocr_line' id='line_1_19' title="bbox 157 2227 1303 2303; baseline -0.001 -15"><span class='ocrx_word' id='word_1_149' title='bbox 157 2227 288 2303; x_wconf 80' lang='lat' dir='ltr'>gendum</span> <span class='ocrx_word' id='word_1_150' title='bbox 310 2245 410 2288; x_wconf 87' lang='lat' dir='ltr'>ansam</span> <span class='ocrx_word' id='word_1_151' title='bbox 441 2227 511 2288; x_wconf 89' lang='lat' dir='ltr'>dari.</span> <span class='ocrx_word' id='word_1_152' title='bbox 546 2229 583 2288; x_wconf 82' lang='lat' dir='ltr'>ht</span> <span class='ocrx_word' id='word_1_153' title='bbox 604 2228 650 2288; x_wconf 90' lang='lat' dir='ltr'>illa</span> <span class='ocrx_word' id='word_1_154' title='bbox 675 2229 762 2288; x_wconf 90' lang='lat' dir='ltr'>verba</span> <span class='ocrx_word' id='word_1_155' title='bbox 787 2228 898 2289; x_wconf 93' lang='lat' dir='ltr'>nonin</span> <span class='ocrx_word' id='word_1_156' title='bbox 922 2228 1061 2288; x_wconf 90' lang='lat' dir='ltr'>omnihus</span> <span class='ocrx_word' id='word_1_157' title='bbox 1083 2229 1134 2288; x_wconf 89' lang='lat' dir='ltr'>sed</span> <span class='ocrx_word' id='word_1_158' title='bbox 1151 2227 1303 2288; x_wconf 88' lang='lat' dir='ltr'>nonnullis</span> 
     </span>
     <span class='ocr_line' id='line_1_20' title="bbox 160 2325 1302 2406; baseline 0.001 -21"><span class='ocrx_word' id='word_1_159' title='bbox 160 2325 241 2386; x_wconf 91' lang='lat' dir='ltr'>libris</span> <span class='ocrx_word' id='word_1_160' title='bbox 261 2345 330 2386; x_wconf 87' lang='lat' dir='ltr'>mss.</span> <span class='ocrx_word' id='word_1_161' title='bbox 348 2326 443 2406; x_wconf 91' lang='lat' dir='ltr'>iisque</span> <span class='ocrx_word' id='word_1_162' title='bbox 459 2327 654 2387; x_wconf 88' lang='lat' dir='ltr'>deterioribus</span> <span class='ocrx_word' id='word_1_163' title='bbox 671 2345 738 2387; x_wconf 89' lang='lat' dir='ltr'>oum</span> <span class='ocrx_word' id='word_1_164' title='bbox 760 2328 903 2406; x_wconf 85' lang='lat' dir='ltr'>legantur,</span> <span class='ocrx_word' id='word_1_165' title='bbox 928 2327 1064 2388; x_wconf 91' lang='lat' dir='ltr'>Waitzius</span> <span class='ocrx_word' id='word_1_166' title='bbox 1082 2327 1114 2386; x_wconf 92' lang='lat' dir='ltr'>in</span> <span class='ocrx_word' id='word_1_167' title='bbox 1134 2333 1302 2389; x_wconf 87' lang='lat' dir='ltr'>contextum</span> 
     </span>
     <span class='ocr_line' id='line_1_21' title="bbox 160 2424 423 2504; baseline 0.004 -22"><span class='ocrx_word' id='word_1_168' title='bbox 160 2441 219 2483; x_wconf 93' lang='lat' dir='ltr'>non</span> <span class='ocrx_word' id='word_1_169' title='bbox 242 2424 423 2504; x_wconf 79' lang='lat' dir='ltr'>receptt²⁷⁶).</span> 
     </span>
    </p>

    <p class='ocr_par' dir='ltr' id='par_1_5' title="bbox 244 2522 1304 2603">
     <span class='ocr_line' id='line_1_22' title="bbox 244 2522 1304 2603; baseline 0.001 -21"><span class='ocrx_word' id='word_1_170' title='bbox 244 2522 380 2602; x_wconf 89' lang='lat' dir='ltr'>Denique</span> <span class='ocrx_word' id='word_1_171' title='bbox 409 2523 501 2584; x_wconf 87' lang='lat' dir='ltr'>fuisse</span> <span class='ocrx_word' id='word_1_172' title='bbox 534 2539 659 2590; x_wconf 87' lang='lat' dir='ltr'>moneo,</span> <span class='ocrx_word' id='word_1_173' title='bbox 692 2523 743 2602; x_wconf 92' lang='lat' dir='ltr'>qui</span> <span class='ocrx_word' id='word_1_174' title='bbox 776 2541 841 2597; x_wconf 85' lang='lat' dir='ltr'>eas,</span> <span class='ocrx_word' id='word_1_175' title='bbox 875 2542 950 2603; x_wconf 90' lang='lat' dir='ltr'>quae</span> <span class='ocrx_word' id='word_1_176' title='bbox 984 2525 1069 2602; x_wconf 86' lang='lat' dir='ltr'>vulgo</span> <span class='ocrx_word' id='word_1_177' title='bbox 1100 2525 1232 2584; x_wconf 88' lang='lat' dir='ltr'>thermae</span> <span class='ocrx_word' id='word_1_178' title='bbox 1260 2523 1304 2583; x_wconf 89' lang='lat' dir='ltr'>vel</span> 
     </span>
    </p>
   </div>
   <div class='ocr_carea' id='block_1_3' title="bbox 156 2621 1305 2997">
    <p class='ocr_par' dir='ltr' id='par_1_6' title="bbox 156 2621 1305 2997">
     <span class='ocr_line' id='line_1_23' title="bbox 157 2621 1304 2702; baseline -0.001 -20"><span class='ocrx_word' id='word_1_179' title='bbox 157 2621 305 2682; x_wconf 76' lang='lat' dir='ltr'>theatrum</span> <span class='ocrx_word' id='word_1_180' title='bbox 331 2621 374 2682; x_wconf 89' lang='lat' dir='ltr'>vel</span> <span class='ocrx_word' id='word_1_181' title='bbox 398 2621 538 2700; x_wconf 80' lang='lat' dir='ltr'>palatium</span> <span class='ocrx_word' id='word_1_182' title='bbox 561 2621 725 2692; x_wconf 88' lang='lat' dir='ltr'>habentur,</span> <span class='ocrx_word' id='word_1_183' title='bbox 753 2623 856 2684; x_wconf 91' lang='lat' dir='ltr'>ruinas</span> <span class='ocrx_word' id='word_1_184' title='bbox 887 2623 923 2683; x_wconf 86' lang='lat' dir='ltr'>od</span> <span class='ocrx_word' id='word_1_185' title='bbox 946 2623 1120 2702; x_wconf 83' lang='lat' dir='ltr'>Capitolium</span> <span class='ocrx_word' id='word_1_186' title='bbox 1143 2641 1205 2684; x_wconf 90' lang='lat' dir='ltr'>uon</span> <span class='ocrx_word' id='word_1_187' title='bbox 1228 2621 1304 2682; x_wconf 92' lang='lat' dir='ltr'>male</span> 
     </span>
     <span class='ocr_line' id='line_1_24' title="bbox 157 2718 1303 2799; baseline 0 -19"><span class='ocrx_word' id='word_1_188' title='bbox 157 2719 304 2797; x_wconf 89' lang='lat' dir='ltr'>quadrare</span> <span class='ocrx_word' id='word_1_189' title='bbox 325 2718 534 2796; x_wconf 68' lang='lat' dir='ltr'>putarent²²⁶h</span> <span class='ocrx_word' id='word_1_190' title='bbox 580 2719 637 2778; x_wconf 84' lang='lat' dir='ltr'>Sed</span> <span class='ocrx_word' id='word_1_191' title='bbox 662 2719 739 2780; x_wconf 87' lang='lat' dir='ltr'>hanc</span> <span class='ocrx_word' id='word_1_192' title='bbox 761 2739 824 2780; x_wconf 91' lang='lat' dir='ltr'>rem</span> <span class='ocrx_word' id='word_1_193' title='bbox 849 2721 969 2781; x_wconf 89' lang='lat' dir='ltr'>missam</span> <span class='ocrx_word' id='word_1_194' title='bbox 994 2722 1146 2782; x_wconf 81' lang='lat' dir='ltr'>faciamus.</span> <span class='ocrx_word' id='word_1_195' title='bbox 1184 2721 1303 2799; x_wconf 87' lang='lat' dir='ltr'>Capito-</span> 
     </span>
     <span class='ocr_line' id='line_1_25' title="bbox 156 2818 1305 2902; baseline 0 -24"><span class='ocrx_word' id='word_1_196' title='bbox 156 2819 229 2878; x_wconf 92' lang='lat' dir='ltr'>lium</span> <span class='ocrx_word' id='word_1_197' title='bbox 253 2825 334 2878; x_wconf 89' lang='lat' dir='ltr'>certo</span> <span class='ocrx_word' id='word_1_198' title='bbox 357 2818 475 2896; x_wconf 91' lang='lat' dir='ltr'>quidem</span> <span class='ocrx_word' id='word_1_199' title='bbox 494 2818 619 2879; x_wconf 84' lang='lat' dir='ltr'>Treviris</span> <span class='ocrx_word' id='word_1_200' title='bbox 643 2819 743 2889; x_wconf 84' lang='lat' dir='ltr'>luisse,</span> <span class='ocrx_word' id='word_1_201' title='bbox 766 2820 817 2878; x_wconf 91' lang='lat' dir='ltr'>sed</span> <span class='ocrx_word' id='word_1_202' title='bbox 841 2839 900 2898; x_wconf 93' lang='lat' dir='ltr'>quo</span> <span class='ocrx_word' id='word_1_203' title='bbox 916 2820 1006 2902; x_wconf 90' lang='lat' dir='ltr'>urbis</span> <span class='ocrx_word' id='word_1_204' title='bbox 1021 2821 1086 2880; x_wconf 90' lang='lat' dir='ltr'>loco</span> <span class='ocrx_word' id='word_1_205' title='bbox 1103 2820 1194 2880; x_wconf 81' lang='lat' dir='ltr'>fuerit</span> <span class='ocrx_word' id='word_1_206' title='bbox 1211 2837 1305 2898; x_wconf 91' lang='lat' dir='ltr'>usque</span> 
     </span>
     <span class='ocr_line' id='line_1_26' title="bbox 157 2917 1159 2997; baseline 0.002 -21"><span class='ocrx_word' id='word_1_207' title='bbox 157 2917 194 2976; x_wconf 94' lang='lat' dir='ltr'>ad</span> <span class='ocrx_word' id='word_1_208' title='bbox 219 2917 300 2978; x_wconf 92' lang='lat' dir='ltr'>hunc</span> <span class='ocrx_word' id='word_1_209' title='bbox 323 2917 401 2978; x_wconf 92' lang='lat' dir='ltr'>diem</span> <span class='ocrx_word' id='word_1_210' title='bbox 426 2917 482 2979; x_wconf 89' lang='lat' dir='ltr'>dici</span> <span class='ocrx_word' id='word_1_211' title='bbox 505 2937 566 2980; x_wconf 92' lang='lat' dir='ltr'>non</span> <span class='ocrx_word' id='word_1_212' title='bbox 589 2936 677 2997; x_wconf 89' lang='lat' dir='ltr'>posse</span> <span class='ocrx_word' id='word_1_213' title='bbox 701 2918 922 2980; x_wconf 89' lang='lat' dir='ltr'>demonstrasse</span> <span class='ocrx_word' id='word_1_214' title='bbox 945 2920 1015 2980; x_wconf 88' lang='lat' dir='ltr'>satis</span> <span class='ocrx_word' id='word_1_215' title='bbox 1039 2918 1159 2978; x_wconf 91' lang='lat' dir='ltr'>habebo.</span> 
     </span>
    </p>
   </div>
   <div class='ocr_carea' id='block_1_4' title="bbox 157 3126 1305 3517">
    <p class='ocr_par' dir='ltr' id='par_1_7' title="bbox 157 3126 1305 3517">
     <span class='ocr_line' id='line_1_27' title="bbox 161 3126 1305 3192; baseline -0.002 -14"><span class='ocrx_word' id='word_1_216' title='bbox 161 3127 235 3190; x_wconf 85' lang='grc'><strong>1187,</strong></span> <span class='ocrx_word' id='word_1_217' title='bbox 256 3126 322 3178; x_wconf 90' lang='grc'><strong>1219</strong></span> <span class='ocrx_word' id='word_1_218' title='bbox 339 3128 569 3178; x_wconf 85' lang='lat' dir='ltr'>monasterium</span> <span class='ocrx_word' id='word_1_219' title='bbox 589 3135 698 3178; x_wconf 89' lang='lat' dir='ltr'>sancte</span> <span class='ocrx_word' id='word_1_220' title='bbox 718 3127 819 3178; x_wconf 88' lang='lat' dir='ltr'>Marie</span> <span class='ocrx_word' id='word_1_221' title='bbox 837 3128 873 3178; x_wconf 87' lang='grc'>11</span> <span class='ocrx_word' id='word_1_222' title='bbox 891 3129 1053 3192; x_wconf 78' lang='lat' dir='ltr'>martires3</span> <span class='ocrx_word' id='word_1_223' title='bbox 1073 3145 1095 3179; x_wconf 84' lang='grc'>1,</span> <span class='ocrx_word' id='word_1_224' title='bbox 1113 3129 1175 3178; x_wconf 85' lang='grc'><strong>12118</strong></span> <span class='ocrx_word' id='word_1_225' title='bbox 1195 3127 1305 3178; x_wconf 88' lang='lat' dir='ltr'>eccle-</span> 
     </span>
     <span class='ocr_line' id='line_1_28' title="bbox 157 3207 1305 3274; baseline 0.001 -17"><span class='ocrx_word' id='word_1_226' title='bbox 157 3207 206 3258; x_wconf 83' lang='lat' dir='ltr'>sia</span> <span class='ocrx_word' id='word_1_227' title='bbox 224 3207 316 3259; x_wconf 87' lang='lat' dir='ltr'>beate</span> <span class='ocrx_word' id='word_1_228' title='bbox 335 3209 480 3272; x_wconf 77' lang='lat' dir='ltr'>virginis</span> <span class='ocrx_word' id='word_1_229' title='bbox 499 3209 601 3260; x_wconf 86' lang='lat' dir='ltr'>blarie</span> <span class='ocrx_word' id='word_1_230' title='bbox 620 3209 669 3258; x_wconf 89' lang='lat' dir='ltr'>dei</span> <span class='ocrx_word' id='word_1_231' title='bbox 688 3209 914 3272; x_wconf 80' lang='lat' dir='ltr'>genitricisad</span> <span class='ocrx_word' id='word_1_232' title='bbox 928 3211 1090 3260; x_wconf 86' lang='lat' dir='ltr'>martires.</span> <span class='ocrx_word' id='word_1_233' title='bbox 1117 3209 1200 3274; x_wconf 81' lang='lat' dir='ltr'>Atque</span> <span class='ocrx_word' id='word_1_234' title='bbox 1212 3209 1305 3258; x_wconf 89' lang='lat' dir='ltr'>nostris</span> 
     </span>
     <span class='ocr_line' id='line_1_29' title="bbox 157 3289 1305 3357; baseline 0 -19"><span class='ocrx_word' id='word_1_235' title='bbox 157 3290 207 3339; x_wconf 80' lang='lat' dir='ltr'>iam</span> <span class='ocrx_word' id='word_1_236' title='bbox 220 3290 379 3355; x_wconf 89' lang='lat' dir='ltr'>temporibus</span> <span class='ocrx_word' id='word_1_237' title='bbox 392 3289 502 3340; x_wconf 85' lang='lat' dir='ltr'>ecclesia</span> <span class='ocrx_word' id='word_1_238' title='bbox 515 3292 600 3341; x_wconf 92' lang='lat' dir='ltr'>utitur</span> <span class='ocrx_word' id='word_1_239' title='bbox 613 3307 641 3342; x_wconf 91' lang='lat' dir='ltr'>ea</span> <span class='ocrx_word' id='word_1_240' title='bbox 655 3291 850 3355; x_wconf 78' lang='lat' dir='ltr'>significatione,</span> <span class='ocrx_word' id='word_1_241' title='bbox 870 3307 942 3357; x_wconf 90' lang='lat' dir='ltr'>quum</span> <span class='ocrx_word' id='word_1_242' title='bbox 954 3308 1001 3340; x_wconf 93' lang='lat' dir='ltr'>nou</span> <span class='ocrx_word' id='word_1_243' title='bbox 1017 3292 1095 3356; x_wconf 87' lang='lat' dir='ltr'>prins,</span> <span class='ocrx_word' id='word_1_244' title='bbox 1109 3307 1179 3356; x_wconf 85' lang='lat' dir='ltr'>quam</span> <span class='ocrx_word' id='word_1_245' title='bbox 1191 3289 1305 3340; x_wconf 83' lang='lat' dir='ltr'>morraehi</span> 
     </span>
     <span class='ocr_line' id='line_1_30' title="bbox 157 3370 1303 3439; baseline 0 -18"><span class='ocrx_word' id='word_1_246' title='bbox 157 3373 262 3422; x_wconf 86' lang='lat' dir='ltr'>saeculo</span> <span class='ocrx_word' id='word_1_247' title='bbox 276 3370 311 3421; x_wconf 92' lang='lat' dir='ltr'>Xl</span> <span class='ocrx_word' id='word_1_248' title='bbox 327 3380 436 3422; x_wconf 86' lang='lat' dir='ltr'>exeunte</span> <span class='ocrx_word' id='word_1_249' title='bbox 455 3373 515 3423; x_wconf 88' lang='lat' dir='ltr'>illas</span> <span class='ocrx_word' id='word_1_250' title='bbox 534 3381 676 3439; x_wconf 79' lang='lat' dir='ltr'>martyrum</span> <span class='ocrx_word' id='word_1_251' title='bbox 696 3380 854 3438; x_wconf 87' lang='lat' dir='ltr'>repertorum</span> <span class='ocrx_word' id='word_1_252' title='bbox 874 3371 972 3422; x_wconf 82' lang='lat' dir='ltr'>fabulas</span> <span class='ocrx_word' id='word_1_253' title='bbox 991 3380 1035 3422; x_wconf 89' lang='lat' dir='ltr'>aut</span> <span class='ocrx_word' id='word_1_254' title='bbox 1054 3373 1079 3421; x_wconf 88' lang='lat' dir='ltr'>io</span> <span class='ocrx_word' id='word_1_255' title='bbox 1092 3387 1164 3421; x_wconf 89' lang='lat' dir='ltr'>usum</span> <span class='ocrx_word' id='word_1_256' title='bbox 1177 3371 1303 3422; x_wconf 84' lang='lat' dir='ltr'>ecclesiae</span> 
     </span>
     <span class='ocr_line' id='line_1_31' title="bbox 157 3447 1079 3517; baseline -0.001 -14"><span class='ocrx_word' id='word_1_257' title='bbox 157 3447 325 3504; x_wconf 82' lang='lat' dir='ltr'>vindicarent</span> <span class='ocrx_word' id='word_1_258' title='bbox 347 3461 392 3504; x_wconf 78' lang='lat' dir='ltr'>eut</span> <span class='ocrx_word' id='word_1_259' title='bbox 415 3455 568 3517; x_wconf 89' lang='lat' dir='ltr'>invenirent,</span> <span class='ocrx_word' id='word_1_260' title='bbox 591 3463 673 3505; x_wconf 90' lang='lat' dir='ltr'>ortam</span> <span class='ocrx_word' id='word_1_261' title='bbox 692 3469 748 3504; x_wconf 80' lang='lat' dir='ltr'>esse</span> <span class='ocrx_word' id='word_1_262' title='bbox 772 3454 829 3503; x_wconf 90' lang='lat' dir='ltr'>luce</span> <span class='ocrx_word' id='word_1_263' title='bbox 852 3454 949 3503; x_wconf 89' lang='lat' dir='ltr'>clarius</span> <span class='ocrx_word' id='word_1_264' title='bbox 968 3455 1079 3504; x_wconf 90' lang='lat' dir='ltr'>videtur.</span> 
     </span>
    </p>
   </div>
   <div class='ocr_carea' id='block_1_5' title="bbox 161 3547 1306 3698">
    <p class='ocr_par' dir='ltr' id='par_1_8' title="bbox 161 3547 1306 3698">
     <span class='ocr_line' id='line_1_32' title="bbox 227 3547 1306 3616; baseline 0 -18"><span class='ocrx_word' id='word_1_265' title='bbox 227 3548 269 3612; x_wconf 76' lang='lat'>²⁷⁸)</span> <span class='ocrx_word' id='word_1_266' title='bbox 288 3549 400 3612; x_wconf 80' lang='lat' dir='ltr'>brower,</span> <span class='ocrx_word' id='word_1_267' title='bbox 418 3549 571 3616; x_wconf 83' lang='lat' dir='ltr'>Antiquitat.</span> <span class='ocrx_word' id='word_1_268' title='bbox 592 3549 693 3599; x_wconf 78' lang='lat' dir='ltr'>Treuir.</span> <span class='ocrx_word' id='word_1_269' title='bbox 713 3549 723 3599; x_wconf 97' lang='grc'>1</span> <span class='ocrx_word' id='word_1_270' title='bbox 743 3550 804 3612; x_wconf 77' lang='lat'>1463</span> <span class='ocrx_word' id='word_1_271' title='bbox 823 3549 854 3598; x_wconf 90' lang='lat' dir='ltr'>de</span> <span class='ocrx_word' id='word_1_272' title='bbox 873 3548 965 3613; x_wconf 86' lang='lat' dir='ltr'>Haupt,</span> <span class='ocrx_word' id='word_1_273' title='bbox 991 3547 1082 3598; x_wconf 88' lang='lat' dir='ltr'>Triers</span> <span class='ocrx_word' id='word_1_274' title='bbox 1102 3547 1306 3610; x_wconf 80' lang='lat' dir='ltr'>Vergengenheit</span> 
     </span>
     <span class='ocr_line' id='line_1_33' title="bbox 161 3631 619 3698; baseline 0.002 -18"><span class='ocrx_word' id='word_1_275' title='bbox 161 3633 211 3681; x_wconf 89' lang='lat' dir='ltr'>und</span> <span class='ocrx_word' id='word_1_276' title='bbox 231 3631 394 3696; x_wconf 77' lang='lat' dir='ltr'>Gegeowart,</span> <span class='ocrx_word' id='word_1_277' title='bbox 413 3638 478 3698; x_wconf 91' lang='lat' dir='ltr'>part.</span> <span class='ocrx_word' id='word_1_278' title='bbox 497 3631 508 3681; x_wconf 93' lang='lat' dir='ltr'>I</span> <span class='ocrx_word' id='word_1_279' title='bbox 526 3632 619 3698; x_wconf 85' lang='lat' dir='ltr'>p.118.</span> 
     </span>
    </p>
   </div>
   <div class='ocr_carea' id='block_1_6' title="bbox 159 3717 1305 4038">
    <p class='ocr_par' dir='ltr' id='par_1_9' title="bbox 159 3717 1305 4038">
     <span class='ocr_line' id='line_1_34' title="bbox 227 3717 1302 3792; baseline 0 -18"><span class='ocrx_word' id='word_1_280' title='bbox 227 3727 272 3788; x_wconf 77' lang='lat'>²⁷⁴)</span> <span class='ocrx_word' id='word_1_281' title='bbox 293 3725 397 3775; x_wconf 85' lang='lat' dir='ltr'>Maximi</span> <span class='ocrx_word' id='word_1_282' title='bbox 416 3726 537 3792; x_wconf 89' lang='lat' dir='ltr'>ponderis</span> <span class='ocrx_word' id='word_1_283' title='bbox 560 3726 701 3776; x_wconf 85' lang='lat' dir='ltr'>sententias</span> <span class='ocrx_word' id='word_1_284' title='bbox 727 3724 834 3788; x_wconf 79' lang='lat' dir='ltr'>collegit</span> <span class='ocrx_word' id='word_1_285' title='bbox 849 3717 945 3788; x_wconf 79' lang='lat' dir='ltr'>Linde,</span> <span class='ocrx_word' id='word_1_286' title='bbox 969 3724 1015 3774; x_wconf 81' lang='lat' dir='ltr'>uie</span> <span class='ocrx_word' id='word_1_287' title='bbox 1039 3732 1113 3788; x_wconf 89' lang='lat' dir='ltr'>porta</span> <span class='ocrx_word' id='word_1_288' title='bbox 1138 3724 1218 3784; x_wconf 79' lang='lat' dir='ltr'>Nigra</span> <span class='ocrx_word' id='word_1_289' title='bbox 1236 3741 1259 3774; x_wconf 93' lang='lat' dir='ltr'>u.</span> <span class='ocrx_word' id='word_1_290' title='bbox 1280 3726 1302 3774; x_wconf 93' lang='lat' dir='ltr'>d.</span> 
     </span>
     <span class='ocr_line' id='line_1_35' title="bbox 159 3805 1305 3875; baseline -0.005 -15"><span class='ocrx_word' id='word_1_291' title='bbox 159 3807 319 3875; x_wconf 75' lang='lat' dir='ltr'>liapitolium</span> <span class='ocrx_word' id='word_1_292' title='bbox 343 3807 388 3856; x_wconf 91' lang='lat' dir='ltr'>der</span> <span class='ocrx_word' id='word_1_293' title='bbox 406 3805 524 3857; x_wconf 87' lang='lat' dir='ltr'>Treviris</span> <span class='ocrx_word' id='word_1_294' title='bbox 548 3824 571 3856; x_wconf 90' lang='grc'>1.</span> <span class='ocrx_word' id='word_1_295' title='bbox 594 3808 657 3858; x_wconf 84' lang='grc'><strong>1852</strong></span> <span class='ocrx_word' id='word_1_296' title='bbox 682 3824 704 3872; x_wconf 95' lang='lat' dir='ltr'>p.</span> <span class='ocrx_word' id='word_1_297' title='bbox 719 3808 826 3857; x_wconf 83' lang='lat'>11-14.</span> <span class='ocrx_word' id='word_1_298' title='bbox 862 3805 939 3856; x_wconf 86' lang='lat' dir='ltr'>Porta</span> <span class='ocrx_word' id='word_1_299' title='bbox 964 3806 1050 3870; x_wconf 79' lang='lat' dir='ltr'>Nigra,</span> <span class='ocrx_word' id='word_1_300' title='bbox 1075 3806 1100 3855; x_wconf 93' lang='lat' dir='ltr'>id</span> <span class='ocrx_word' id='word_1_301' title='bbox 1124 3813 1164 3854; x_wconf 92' lang='lat' dir='ltr'>est</span> <span class='ocrx_word' id='word_1_302' title='bbox 1182 3806 1268 3867; x_wconf 78' lang='lat' dir='ltr'>Nicro,</span> <span class='ocrx_word' id='word_1_303' title='bbox 1291 3821 1305 3854; x_wconf 91' lang='grc'>1</span> 
     </span>
     <span class='ocr_line' id='line_1_36' title="bbox 159 3887 1305 3954; baseline -0.004 -13"><span class='ocrx_word' id='word_1_304' title='bbox 159 3892 260 3941; x_wconf 88' lang='lat' dir='ltr'>tlumine</span> <span class='ocrx_word' id='word_1_305' title='bbox 272 3889 353 3940; x_wconf 88' lang='lat' dir='ltr'>Nicro</span> <span class='ocrx_word' id='word_1_306' title='bbox 367 3897 523 3954; x_wconf 85' lang='lat' dir='ltr'>nuncupata;</span> <span class='ocrx_word' id='word_1_307' title='bbox 543 3889 634 3940; x_wconf 87' lang='lat' dir='ltr'>deinde</span> <span class='ocrx_word' id='word_1_308' title='bbox 648 3905 734 3938; x_wconf 86' lang='lat' dir='ltr'>nornen</span> <span class='ocrx_word' id='word_1_309' title='bbox 750 3889 853 3938; x_wconf 88' lang='lat' dir='ltr'>videtur</span> <span class='ocrx_word' id='word_1_310' title='bbox 866 3894 998 3951; x_wconf 86' lang='lat' dir='ltr'>mutatum,</span> <span class='ocrx_word' id='word_1_311' title='bbox 1017 3903 1065 3952; x_wconf 91' lang='lat' dir='ltr'>quo</span> <span class='ocrx_word' id='word_1_312' title='bbox 1083 3887 1174 3938; x_wconf 92' lang='lat' dir='ltr'>melius</span> <span class='ocrx_word' id='word_1_313' title='bbox 1193 3895 1305 3952; x_wconf 90' lang='lat' dir='ltr'>portae</span> 
     </span>
     <span class='ocr_line' id='line_1_37' title="bbox 159 3969 779 4038; baseline -0.003 -16"><span class='ocrx_word' id='word_1_314' title='bbox 159 3972 254 4022; x_wconf 87' lang='lat' dir='ltr'>albae</span> <span class='ocrx_word' id='word_1_315' title='bbox 273 3978 453 4038; x_wconf 87' lang='lat' dir='ltr'>opponeretur,</span> <span class='ocrx_word' id='word_1_316' title='bbox 472 3969 504 4020; x_wconf 86' lang='lat' dir='ltr'>cl.</span> <span class='ocrx_word' id='word_1_317' title='bbox 525 3971 605 4022; x_wconf 87' lang='lat' dir='ltr'>Linde</span> <span class='ocrx_word' id='word_1_318' title='bbox 624 3972 640 4020; x_wconf 91' lang='grc'>1.</span> <span class='ocrx_word' id='word_1_319' title='bbox 661 3989 682 4021; x_wconf 93' lang='lat' dir='ltr'>c.</span> <span class='ocrx_word' id='word_1_320' title='bbox 701 3988 724 4036; x_wconf 92' lang='lat' dir='ltr'>p.</span> <span class='ocrx_word' id='word_1_321' title='bbox 738 3971 779 4020; x_wconf 84' lang='lat'>25.</span> 
     </span>
    </p>
   </div>
   <div class='ocr_carea' id='block_1_7' title="bbox 145 4065 1306 4292">
    <p class='ocr_par' dir='ltr' id='par_1_10' title="bbox 145 4065 1306 4292">
     <span class='ocr_line' id='line_1_38' title="bbox 145 4065 1305 4133; baseline -0.001 -18"><span class='ocrx_word' id='word_1_322' title='bbox 145 4067 146 4070; x_wconf 75' lang='grc'>’</span> <span class='ocrx_word' id='word_1_323' title='bbox 231 4067 276 4130; x_wconf 72' lang='lat'>¹²⁵)</span> <span class='ocrx_word' id='word_1_324' title='bbox 295 4066 406 4116; x_wconf 85' lang='lat' dir='ltr'>Exstant</span> <span class='ocrx_word' id='word_1_325' title='bbox 423 4066 448 4114; x_wconf 91' lang='lat' dir='ltr'>in</span> <span class='ocrx_word' id='word_1_326' title='bbox 470 4066 654 4133; x_wconf 79' lang='lat' dir='ltr'>Wyttenhaehi</span> <span class='ocrx_word' id='word_1_327' title='bbox 673 4075 700 4117; x_wconf 91' lang='lat' dir='ltr'>et</span> <span class='ocrx_word' id='word_1_328' title='bbox 718 4065 839 4117; x_wconf 88' lang='lat' dir='ltr'>Muelleri</span> <span class='ocrx_word' id='word_1_329' title='bbox 859 4066 920 4116; x_wconf 87' lang='lat' dir='ltr'>edit.</span> <span class='ocrx_word' id='word_1_330' title='bbox 940 4081 993 4132; x_wconf 94' lang='lat' dir='ltr'>cap.</span> <span class='ocrx_word' id='word_1_331' title='bbox 1008 4065 1049 4128; x_wconf 84' lang='lat'>38,</span> <span class='ocrx_word' id='word_1_332' title='bbox 1067 4065 1159 4116; x_wconf 88' lang='lat' dir='ltr'>desunt</span> <span class='ocrx_word' id='word_1_333' title='bbox 1171 4066 1247 4116; x_wconf 84' lang='lat' dir='ltr'>etiam</span> <span class='ocrx_word' id='word_1_334' title='bbox 1266 4081 1305 4128; x_wconf 88' lang='lat' dir='ltr'>ap.</span> 
     </span>
     <span class='ocr_line' id='line_1_39' title="bbox 159 4145 1306 4214; baseline -0.005 -13"><span class='ocrx_word' id='word_1_335' title='bbox 159 4150 310 4214; x_wconf 78' lang='lat' dir='ltr'>d&#39;hscbery‚</span> <span class='ocrx_word' id='word_1_336' title='bbox 323 4147 487 4212; x_wconf 79' lang='lat' dir='ltr'>spicilegium</span> <span class='ocrx_word' id='word_1_337' title='bbox 500 4148 557 4200; x_wconf 90' lang='lat' dir='ltr'>sive</span> <span class='ocrx_word' id='word_1_338' title='bbox 571 4149 690 4198; x_wconf 88' lang='lat' dir='ltr'>collectio</span> <span class='ocrx_word' id='word_1_339' title='bbox 705 4155 818 4198; x_wconf 86' lang='lat' dir='ltr'>veterum</span> <span class='ocrx_word' id='word_1_340' title='bbox 831 4149 929 4213; x_wconf 88' lang='lat' dir='ltr'>aliquot</span> <span class='ocrx_word' id='word_1_341' title='bbox 942 4147 1096 4214; x_wconf 87' lang='lat' dir='ltr'>scriptorum</span> <span class='ocrx_word' id='word_1_342' title='bbox 1110 4147 1152 4212; x_wconf 92' lang='lat' dir='ltr'>qui</span> <span class='ocrx_word' id='word_1_343' title='bbox 1165 4148 1190 4196; x_wconf 92' lang='lat' dir='ltr'>in</span> <span class='ocrx_word' id='word_1_344' title='bbox 1206 4145 1306 4196; x_wconf 81' lang='lat' dir='ltr'>Galliae</span> 
     </span>
     <span class='ocr_line' id='line_1_40' title="bbox 159 4229 749 4292; baseline -0.003 -10"><span class='ocrx_word' id='word_1_345' title='bbox 159 4231 324 4282; x_wconf 83' lang='lat' dir='ltr'>bibliothecis</span> <span class='ocrx_word' id='word_1_346' title='bbox 344 4230 510 4292; x_wconf 89' lang='lat' dir='ltr'>delituerant,</span> <span class='ocrx_word' id='word_1_347' title='bbox 528 4231 580 4280; x_wconf 93' lang='lat' dir='ltr'>vol.</span> <span class='ocrx_word' id='word_1_348' title='bbox 599 4229 619 4280; x_wconf 96' lang='grc'>11</span> <span class='ocrx_word' id='word_1_349' title='bbox 638 4247 661 4282; x_wconf 89' lang='grc'>1.</span> <span class='ocrx_word' id='word_1_350' title='bbox 676 4229 749 4282; x_wconf 83' lang='grc'><strong>1123.</strong></span> 
     </span>
    </p>
   </div>
   <div class='ocr_carea' id='block_1_8' title="bbox 159 4313 1306 4472">
    <p class='ocr_par' dir='ltr' id='par_1_11' title="bbox 159 4313 1306 4472">
     <span class='ocr_line' id='line_1_41' title="bbox 229 4313 1306 4390; baseline -0.002 -16"><span class='ocrx_word' id='word_1_351' title='bbox 229 4325 273 4386; x_wconf 76' lang='lat'>²⁷⁶)</span> <span class='ocrx_word' id='word_1_352' title='bbox 291 4325 343 4374; x_wconf 88' lang='lat' dir='ltr'>lloc</span> <span class='ocrx_word' id='word_1_353' title='bbox 371 4313 487 4390; x_wconf 84' lang='lat' dir='ltr'>pluribus</span> <span class='ocrx_word' id='word_1_354' title='bbox 517 4324 608 4375; x_wconf 89' lang='lat' dir='ltr'>verbis</span> <span class='ocrx_word' id='word_1_355' title='bbox 633 4326 725 4374; x_wconf 89' lang='lat' dir='ltr'>docere</span> <span class='ocrx_word' id='word_1_356' title='bbox 759 4323 856 4374; x_wconf 89' lang='lat' dir='ltr'>studuit</span> <span class='ocrx_word' id='word_1_357' title='bbox 883 4323 977 4389; x_wconf 86' lang='lat' dir='ltr'>Linde,</span> <span class='ocrx_word' id='word_1_358' title='bbox 1010 4324 1060 4372; x_wconf 84' lang='lat' dir='ltr'>ller</span> <span class='ocrx_word' id='word_1_359' title='bbox 1093 4321 1306 4385; x_wconf 79' lang='lat' dir='ltr'>Fraukeuherzog</span> 
     </span>
     <span class='ocr_line' id='line_1_42' title="bbox 159 4406 486 4472; baseline -0.003 -14"><span class='ocrx_word' id='word_1_360' title='bbox 159 4406 335 4472; x_wconf 83' lang='lat' dir='ltr'>ilictiovarus,</span> <span class='ocrx_word' id='word_1_361' title='bbox 354 4422 377 4471; x_wconf 94' lang='lat' dir='ltr'>p.</span> <span class='ocrx_word' id='word_1_362' title='bbox 392 4406 424 4458; x_wconf 84' lang='lat'>52</span> <span class='ocrx_word' id='word_1_363' title='bbox 434 4422 486 4472; x_wconf 90' lang='lat' dir='ltr'>sqq.</span> 
     </span>
    </p>
   </div>
   <div class='ocr_carea' id='block_1_9' title="bbox 0 0 1597 5236">
    <p class='ocr_par' dir='ltr' id='par_1_12' title="bbox 0 0 1597 5236">
     <span class='ocr_line' id='line_1_43' title="bbox 0 0 1597 5236; baseline 0 0"><span class='ocrx_word' id='word_1_364' title='bbox 0 0 1597 5236; x_wconf 95' lang='lat' dir='ltr'> </span> 
     </span>
    </p>
   </div>
  </div>
 </body>
</html>
