3180 5236
589 397 811 458 -27-

127 578 190 640 Nec
213 576 335 638 dubium
359 573 490 654 quiade
513 573 642 650 collegiis
665 573 847 636 funeraticiis
862 573 1049 650 cogitandum
1066 573 1113 636 sit.
1152 573 1276 636 Coibant

126 677 208 738 enim
233 675 371 738 homines
394 673 545 734 tenuiores
568 689 601 732 ea
627 672 701 750 lege,
732 681 763 732 ut
789 672 937 734 sodalibus
960 691 996 732 ex
1028 673 1178 734 communi
1209 693 1275 736 arca

125 776 204 854 stipe
228 782 378 835 menstrua
403 791 546 851 perpensa
570 771 777 832 luneraticium
802 771 1019 847 solveretur⁸²).
1057 773 1159 832 Aetate
1175 781 1274 836 autem

125 874 338 952 imperatorum
362 890 430 933 cum
453 888 605 932 servorum
622 887 686 932 sors
702 871 741 932 ita
765 879 945 932 commutata
969 878 1064 942 esset,
1088 879 1119 931 ut
1144 872 1273 934 bumana

128 991 236 1050 genere
253 972 367 1052 dignior
383 972 477 1041 beret,
500 970 535 1030 iis
552 987 608 1030 non
626 970 720 1031 solum
737 969 909 1040 conubium,
932 969 978 1030 ius
999 969 1182 1042 hereditatis,
1207 990 1276 1049 pos-

125 1071 220 1132 sessio
243 1089 382 1130 concessa
406 1070 457 1130 sed
482 1068 567 1129 etiem
592 1068 740 1146 permissu
763 1067 955 1128 dominorum
977 1069 1006 1128 in
1035 1068 1153 1146 collegia
1176 1069 1275 1130 tenui·

124 1189 213 1230 orum
231 1170 324 1248 recipi
336 1187 509 1230 concessum
523 1166 621 1241 est⁸⁸).
633 1201 677 1210 *—
690 1167 847 1246 Pompeiis
865 1169 952 1228 modo
965 1167 1115 1244 contingat
1130 1177 1162 1228 ut
1174 1186 1274 1229 verum

124 1269 299 1340 uiderimus,
323 1267 496 1346 Capitolium
521 1267 551 1327 in
576 1275 657 1344 parte
678 1266 736 1327 lori
763 1266 985 1345 septentrionali
1004 1266 1190 1328 aedilicatum
1213 1275 1276 1330 crat

129 1367 179 1441 ita,
205 1367 328 1427 utillud
352 1365 387 1426 ab
412 1385 444 1426 ea
467 1372 549 1444 parta
572 1382 667 1444 paene
689 1365 825 1443 saepiret.
870 1365 929 1426 Nec
951 1363 1035 1426 aliter
1056 1381 1120 1426 rem
1149 1365 1275 1428 fortasse

126 1485 159 1526 se
188 1464 295 1526 habere
326 1464 425 1526 Ostiae
453 1464 560 1524 Nissen
590 1462 756 1542 iudicat⁸⁹).
800 1463 835 1524 In
862 1482 928 1524 area
954 1463 1034 1524 enim
1063 1465 1190 1543 quadam
1220 1465 1274 1526 ob-

128 1565 216 1643 longa
240 1565 346 1637 forma,
370 1582 459 1644 quam
484 1564 531 1625 ille
554 1563 653 1624 forum
678 1564 769 1626 luisse
792 1563 968 1640 suspicatur,
992 1563 1135 1642 templum
1161 1563 1274 1642 magnis

127 1663 399 1724 substructionibus
421 1671 525 1735 exstat,
548 1665 627 1741 quod
652 1677 720 1724 cum
743 1662 778 1722 ad
802 1660 1020 1739 septentriones
1044 1669 1181 1741 spectans
1210 1681 1274 1723 eam

126 1763 183 1824 loci
208 1771 320 1842 partem
344 1763 476 1824 recludet
499 1769 528 1822 et
551 1763 612 1824 loca
629 1761 866 1822 circumlabentis
882 1769 1010 1840 superet,
1027 1761 1103 1822 lovis
1120 1761 1276 1841 Capitolini

126 1861 220 1922 luisse
236 1861 361 1922 videtur.
397 1861 484 1921 Certe
500 1861 663 1931 Nissenius,
688 1861 739 1940 qui
755 1860 856 1938 templi
873 1860 1007 1920 modulos
1022 1860 1128 1938 exegit,
1153 1861 1273 1921 cosdem

126 1961 188 2020 iere
219 1977 285 2020 esse
316 1978 349 2019 ac
379 1959 479 2038 templi
502 1959 675 2038 Pompeiani
707 1958 868 2020 contendit.
914 1958 969 2020 Sed
993 1977 1060 2018 cum
1084 1977 1116 2018 ca
1140 1959 1274 2038 quaestio

113 2058 186 2124 nisi
209 2058 343 2137 plurimis
366 2058 572 2119 effossionibus
600 2059 746 2118 institutis
775 2056 1021 2135 solvinequeat,
1051 2057 1128 2117 ultro
1157 2057 1275 2136 prodire

126 2156 215 2218 nobis
249 2175 311 2216 non
345 2157 440 2217 datur.
476 2189 514 2200 ·-
551 2158 635 2228 Quod
670 2157 717 2217 ille
751 2156 936 2234 Asclepiades
970 2155 1106 2217 aedituus
1140 2155 1273 2234 Capitolii

128 2255 248 2327 dicitur,
269 2271 333 2314 non
357 2255 464 2314 mirum
481 2263 535 2326 est,
558 2273 625 2316 cum
643 2256 754 2316 Rornae
770 2255 799 2314 in
817 2253 961 2333 Capitolio
978 2253 1066 2316 sicuti
1081 2254 1113 2314 in
1133 2254 1274 2318 omnibus

127 2354 251 2413 deorum
275 2352 396 2414 aedibus
420 2353 529 2414 aeditui
552 2353 710 2428 essentll).

213 2451 273 2512 laru
297 2458 389 2512 restat
413 2457 444 2512 u‘t
466 2451 497 2512 in
520 2452 725 2512 condicionem
747 2451 828 2512 urbis
849 2451 948 2530 paucis
972 2450 1167 2530 inquiramus.
1205 2452 1275 2512 Erat

131 2549 213 2610 Ostia
247 2549 341 2627 prima
372 2549 482 2610 civium
513 2551 716 2612 Romanorum
747 2550 860 2612 colonia
891 2549 946 2610 sub
969 2554 1050 2610 Anco
1073 2549 1181 2610 Marcio
1205 2569 1273 2629 rege

127 2647 310 2726 deductam).
356 2649 436 2719 Quae
470 2669 537 2710 cum
572 2659 651 2710 esset
682 2659 784 2728 portus
813 2650 922 2710 Romae
952 2659 982 2710 et
1010 2650 1091 2711 urbis
1120 2659 1273 2728 tamquam

127 2765 195 2825 pars
219 2747 335 2824 integra
360 2746 431 2823 quin
454 2765 572 2825 parvam
598 2749 744 2827 quandam
771 2749 880 2808 Romae
907 2747 1065 2826 imaginem
1095 2748 1273 2826 expresserit

128 2845 271 2905 dubitatio
304 2862 364 2906 non
394 2845 486 2906 datur.
539 2846 698 2926 Postquam
733 2847 768 2907 ab
796 2848 928 2924 Augusto
962 2855 1045 2907 aucta
1080 2855 1108 2906 et
1137 2847 1271 2925 suppleta

125 2943 236 3022 erat⁹²)
269 2943 394 3004 subinde
425 2945 619 3024 Vespasianus
649 2946 791 3008 Traianus
824 2946 988 3008 Hadrianus
1019 2945 1096 3025 agris
1127 2945 1271 3008 militibus

127 3043 309 3122 assignandis
333 3043 438 3104 urbem
462 3044 714 3123 amplificaverunt
724 3044 772 3126 98).

639 3185 767 3277 narone

159 3423 160 3427 Ἰ
211 3335 296 3398 Nunc
329 3337 414 3398 venio
444 3339 478 3400 ad
510 3341 616 3420 oppida
645 3339 796 3413 Etruriae,
830 3343 859 3402 in
884 3341 990 3421 quibus
1013 3341 1152 3420 Capitolia
1180 3340 1271 3402 fuisse

126 3435 298 3508 traduntur,
334 3457 460 3516 quorum
489 3439 677 3503 condiciones
704 3441 729 3501 si
752 3431 817 3522 quis
848 3451 965 3504 acurate
992 3429 1171 3519 reputaverit
1200 3441 1271 3502 baec

126 3554 244 3614 quoque
273 3535 414 3613 Capitolia
448 3556 462 3596 a
497 3538 636 3599 Romanis
671 3540 814 3617 originem
850 3540 969 3602 duxisse
1008 3540 1079 3600 mibi
1116 3540 1268 3600 concedet.

126 3637 166 3694 lc
193 3633 372 3694 Faleriorum
404 3636 521 3714 quidem
556 3639 688 3717 Capitolii
723 3639 860 3700 meminit
892 3639 996 3700 titulus
1026 3639 1175 3700 Hadriano
1210 3648 1270 3699 ter-

194 3856 225 3920 87)
245 3856 399 3923 Marquardt.
419 3859 515 3908 enchir.
534 3859 566 3909 lll
587 3860 677 3927 letsq.

195 3937 224 3999 ⁸⁸)
242 3939 296 4004 big.
333 3941 374 4002 lt,
395 3940 436 4002 22,
467 3940 532 4006 §a
560 3941 656 3993 Servos
687 3959 783 4010 quoque
813 3945 875 3995 licet
905 3945 930 3994 in
961 3943 1097 4008 collegium
1128 3942 1271 3994 tenuiorum

127 4019 241 4086 racipere
261 4019 405 4072 volentibus
430 4022 586 4087 dominibus;
606 4016 637 4074 cl.
657 4025 771 4076 Manuos.
791 4029 821 4076 de
840 4028 930 4092 colleg.
951 4035 976 4076 et
995 4025 1048 4076 sod.
1068 4042 1090 4092 p.
1112 4025 1166 4076 102.

193 4102 223 4159 ³⁹)
243 4102 307 4152 Mus.
327 4102 403 4154 Rhea.
424 4122 447 4154 u.
467 4121 487 4154 s.
508 4107 560 4157 vol.
579 4105 688 4157 XXVlll
707 4125 729 4174 p.
749 4109 807 4158 541.

191 4185 222 4242 ⁹⁰)
240 4185 345 4234 Jordan.
368 4193 467 4251 topogr.
492 4187 561 4238 Rom.
581 4187 591 4238 l
610 4189 624 4236 2
645 4206 666 4254 p.
686 4188 734 4248 37;
761 4190 842 4239 Orelli
861 4189 921 4256 syll.
941 4189 1004 4240 insr.
1025 4187 1043 4238 ll
1062 4206 1084 4254 p.
1105 4189 1163 4238 507.

193 4267 225 4328 ⁹¹)
245 4267 303 4318 Liv.
325 4267 334 4318 l
354 4268 385 4318 33
404 4268 478 4320 XXll
498 4270 545 4334 383
565 4271 660 4339 Dionys
680 4270 775 4334 111443
795 4271 845 4321 Cic.
866 4272 896 4322 dc
914 4288 943 4321 re
962 4271 1029 4338 publ.
1049 4270 1069 4322 ll
1090 4271 1129 4336 18,
1143 4271 1183 4320 33.

193 4348 223 4410 ⁹²)
244 4349 308 4400 Plin.
328 4349 349 4399 h.
369 4367 392 4400 n.
413 4350 443 4400 lll
462 4352 486 4414 9,
500 4352 540 4401 56.

194 4429 225 4495 ⁹³)
245 4430 275 4482 cf.
295 4431 340 4482 lib.
360 4433 408 4482 col.
427 4449 450 4498 p.
470 4433 533 4498 2343
554 4433 689 4500 Zumpt..l.
709 4452 730 4485 c.
749 4451 772 4502 p.
792 4434 849 4486 395.
869 4436 927 4486 400.
