<?xml version="1.0" encoding="UTF-8"?>
<!DOCTYPE html PUBLIC "-//W3C//DTD XHTML 1.0 Transitional//EN"
    "http://www.w3.org/TR/xhtml1/DTD/xhtml1-transitional.dtd">
<html xmlns="http://www.w3.org/1999/xhtml" xml:lang="en" lang="en">
 <head>
  <title>
</title>
<meta http-equiv="Content-Type" content="text/html;charset=utf-8" />
  <meta name='ocr-system' content='tesseract 3.04.00' />
  <meta name='ocr-capabilities' content='ocr_page ocr_carea ocr_par ocr_line ocrx_word'/>
</head>
<body>
  <div class='ocr_page' id='page_1' title='image "./decapitoliisimp00kuhfgoog_0051.png"; bbox 0 0 3180 5236; ppageno 0'>
   <div class='ocr_carea' id='block_1_1' title="bbox 747 411 967 472">
    <p class='ocr_par' dir='ltr' id='par_1_1' title="bbox 747 411 967 472">
     <span class='ocr_line' id='line_1_1' title="bbox 747 411 967 472; baseline 0 -18"><span class='ocrx_word' id='word_1_1' title='bbox 747 445 788 454; x_wconf 92' lang='lat'><strong>..</strong></span> <span class='ocrx_word' id='word_1_2' title='bbox 835 411 967 472; x_wconf 65' lang='lat'>46--</span> 
     </span>
    </p>
   </div>
   <div class='ocr_carea' id='block_1_2' title="bbox 230 583 1435 1260">
    <p class='ocr_par' dir='ltr' id='par_1_2' title="bbox 230 583 1435 1260">
     <span class='ocr_line' id='line_1_2' title="bbox 285 583 1435 668; baseline -0.003 -19"><span class='ocrx_word' id='word_1_3' title='bbox 285 588 325 649; x_wconf 87' lang='lat' dir='ltr'><strong>ita</strong></span> <span class='ocrx_word' id='word_1_4' title='bbox 340 587 408 661; x_wconf 81' lang='lat' dir='ltr'><strong>sint,</strong></span> <span class='ocrx_word' id='word_1_5' title='bbox 425 596 460 649; x_wconf 92' lang='lat' dir='ltr'><strong>ut</strong></span> <span class='ocrx_word' id='word_1_6' title='bbox 474 588 573 650; x_wconf 88' lang='lat' dir='ltr'><strong>neseio</strong></span> <span class='ocrx_word' id='word_1_7' title='bbox 589 587 672 649; x_wconf 90' lang='lat' dir='ltr'><strong>cuius</strong></span> <span class='ocrx_word' id='word_1_8' title='bbox 689 585 802 650; x_wconf 84' lang='lat' dir='ltr'><strong>abbatis</strong></span> <span class='ocrx_word' id='word_1_9' title='bbox 819 585 942 668; x_wconf 88' lang='lat' dir='ltr'><strong>llispani</strong></span> <span class='ocrx_word' id='word_1_10' title='bbox 960 585 1209 648; x_wconf 79' lang='lat' dir='ltr'><strong>mendaciunculis</strong></span> <span class='ocrx_word' id='word_1_11' title='bbox 1220 585 1309 646; x_wconf 87' lang='lat' dir='ltr'><strong>fidem</strong></span> <span class='ocrx_word' id='word_1_12' title='bbox 1322 583 1435 646; x_wconf 89' lang='lat' dir='ltr'><strong>habea-</strong></span> 
     </span>
     <span class='ocr_line' id='line_1_3' title="bbox 286 683 1433 766; baseline -0.003 -19"><span class='ocrx_word' id='word_1_13' title='bbox 286 703 354 748; x_wconf 88' lang='lat' dir='ltr'><strong>mus</strong></span> <span class='ocrx_word' id='word_1_14' title='bbox 368 703 456 748; x_wconf 91' lang='lat' dir='ltr'><strong>nemo</strong></span> <span class='ocrx_word' id='word_1_15' title='bbox 471 705 488 748; x_wconf 88' lang='lat' dir='ltr'><strong>a</strong></span> <span class='ocrx_word' id='word_1_16' title='bbox 503 685 587 747; x_wconf 91' lang='lat' dir='ltr'><strong>nobis</strong></span> <span class='ocrx_word' id='word_1_17' title='bbox 603 685 762 766; x_wconf 86' lang='lat' dir='ltr'><strong>impetrare</strong></span> <span class='ocrx_word' id='word_1_18' title='bbox 773 685 890 766; x_wconf 91' lang='lat' dir='ltr'><strong>poterit.</strong></span> <span class='ocrx_word' id='word_1_19' title='bbox 925 686 1009 759; x_wconf 84' lang='lat' dir='ltr'><strong>Quod</strong></span> <span class='ocrx_word' id='word_1_20' title='bbox 1028 703 1115 765; x_wconf 90' lang='lat' dir='ltr'><strong>quam</strong></span> <span class='ocrx_word' id='word_1_21' title='bbox 1132 692 1212 746; x_wconf 86' lang='lat' dir='ltr'><strong>recte</strong></span> <span class='ocrx_word' id='word_1_22' title='bbox 1227 703 1259 745; x_wconf 91' lang='lat' dir='ltr'><strong>se</strong></span> <span class='ocrx_word' id='word_1_23' title='bbox 1274 683 1381 746; x_wconf 85' lang='lat' dir='ltr'><strong>habeat</strong></span> <span class='ocrx_word' id='word_1_24' title='bbox 1397 703 1433 746; x_wconf 88' lang='lat' dir='ltr'><strong>ex</strong></span> 
     </span>
     <span class='ocr_line' id='line_1_4' title="bbox 286 783 1432 865; baseline -0.003 -20"><span class='ocrx_word' id='word_1_25' title='bbox 286 784 358 865; x_wconf 89' lang='lat' dir='ltr'><strong>ipsis</strong></span> <span class='ocrx_word' id='word_1_26' title='bbox 381 784 478 846; x_wconf 84' lang='lat' dir='ltr'><strong>verbis</strong></span> <span class='ocrx_word' id='word_1_27' title='bbox 504 785 626 862; x_wconf 82' lang='lat' dir='ltr'><strong>deucet3</strong></span> <span class='ocrx_word' id='word_1_28' title='bbox 659 785 707 846; x_wconf 91' lang='lat' dir='ltr'><strong>ille</strong></span> <span class='ocrx_word' id='word_1_29' title='bbox 741 785 821 846; x_wconf 91' lang='lat' dir='ltr'><strong>enim</strong></span> <span class='ocrx_word' id='word_1_30' title='bbox 850 783 921 846; x_wconf 89' lang='lat' dir='ltr'><strong>dicit</strong></span> <span class='ocrx_word' id='word_1_31' title='bbox 949 784 1042 859; x_wconf 52' lang='grc' dir='ltr'><strong>(ἕως</strong></span> <span class='ocrx_word' id='word_1_32' title='bbox 1084 784 1124 845; x_wconf 93' lang='lat' dir='ltr'><strong>ad</strong></span> <span class='ocrx_word' id='word_1_33' title='bbox 1159 783 1268 845; x_wconf 91' lang='lat' dir='ltr'><strong>huius</strong></span> <span class='ocrx_word' id='word_1_34' title='bbox 1300 783 1432 844; x_wconf 87' lang='lat' dir='ltr'><strong>famam</strong></span> 
     </span>
     <span class='ocr_line' id='line_1_5' title="bbox 286 881 1431 963; baseline -0.003 -19"><span class='ocrx_word' id='word_1_35' title='bbox 286 883 387 944; x_wconf 86' lang='lat' dir='ltr'><strong>beati</strong></span> <span class='ocrx_word' id='word_1_36' title='bbox 409 891 591 963; x_wconf 80' lang='lat' dir='ltr'>martyres</span> <span class='ocrx_word' id='word_1_37' title='bbox 614 883 837 945; x_wconf 83' lang='lat' dir='ltr'><strong>Vincentius</strong></span> <span class='ocrx_word' id='word_1_38' title='bbox 868 891 903 944; x_wconf 87' lang='lat' dir='ltr'><strong>et</strong></span> <span class='ocrx_word' id='word_1_39' title='bbox 932 882 1118 945; x_wconf 88' lang='lat' dir='ltr'><strong>Orontius</strong></span> <span class='ocrx_word' id='word_1_40' title='bbox 1148 883 1189 944; x_wconf 92' lang='lat' dir='ltr'><strong>ad</strong></span> <span class='ocrx_word' id='word_1_41' title='bbox 1219 882 1336 944; x_wconf 88' lang='lat' dir='ltr'><strong>vicum</strong></span> <span class='ocrx_word' id='word_1_42' title='bbox 1360 881 1431 942; x_wconf 83' lang='lat' dir='ltr'><strong>llo·</strong></span> 
     </span>
     <span class='ocr_line' id='line_1_6' title="bbox 230 981 1431 1069; baseline -0.002 -27"><span class='ocrx_word' id='word_1_43' title='bbox 230 1065 231 1069; x_wconf 8' lang='lat'>¹</span> <span class='ocrx_word' id='word_1_44' title='bbox 286 982 349 1044; x_wconf 88' lang='lat' dir='ltr'><strong>das</strong></span> <span class='ocrx_word' id='word_1_45' title='bbox 388 983 435 1056; x_wconf 91' lang='lat' dir='ltr'><strong>(ad</strong></span> <span class='ocrx_word' id='word_1_46' title='bbox 470 983 584 1045; x_wconf 78' lang='lat' dir='ltr'><strong>&#39;lhicim</strong></span> <span class='ocrx_word' id='word_1_47' title='bbox 619 1001 738 1044; x_wconf 93' lang='lat' dir='ltr'><strong>amnem</strong></span> <span class='ocrx_word' id='word_1_48' title='bbox 768 1001 856 1062; x_wconf 85' lang='lat' dir='ltr'><strong>supra</strong></span> <span class='ocrx_word' id='word_1_49' title='bbox 887 981 1070 1061; x_wconf 88' lang='lat' dir='ltr'><strong>Gerundarn)</strong></span> <span class='ocrx_word' id='word_1_50' title='bbox 1109 981 1169 1043; x_wconf 91' lang='lat' dir='ltr'><strong>ubi</strong></span> <span class='ocrx_word' id='word_1_51' title='bbox 1202 982 1268 1042; x_wconf 88' lang='lat' dir='ltr'><strong>iam</strong></span> <span class='ocrx_word' id='word_1_52' title='bbox 1300 981 1431 1041; x_wconf 91' lang='lat' dir='ltr'><strong>dictus</strong></span> 
     </span>
     <span class='ocr_line' id='line_1_7' title="bbox 287 1080 1433 1160; baseline -0.003 -19"><span class='ocrx_word' id='word_1_53' title='bbox 287 1081 610 1142; x_wconf 86' lang='lat' dir='ltr'><strong>sceleratissimus</strong></span> <span class='ocrx_word' id='word_1_54' title='bbox 635 1081 796 1142; x_wconf 86' lang='lat' dir='ltr'><strong>Rufinus</strong></span> <span class='ocrx_word' id='word_1_55' title='bbox 820 1080 1043 1160; x_wconf 90' lang='lat' dir='ltr'><strong>Capitolium</strong></span> <span class='ocrx_word' id='word_1_56' title='bbox 1073 1081 1324 1142; x_wconf 87' lang='lat' dir='ltr'><strong>constituerat</strong></span> <span class='ocrx_word' id='word_1_57' title='bbox 1346 1095 1433 1158; x_wconf 93' lang='lat' dir='ltr'><strong>per-</strong></span> 
     </span>
     <span class='ocr_line' id='line_1_8' title="bbox 287 1179 1294 1260; baseline -0.003 -21"><span class='ocrx_word' id='word_1_58' title='bbox 287 1188 481 1241; x_wconf 89' lang='lat' dir='ltr'><strong>venerunt.</strong></span> <span class='ocrx_word' id='word_1_59' title='bbox 528 1179 588 1240; x_wconf 88' lang='lat' dir='ltr'><strong>Sed</strong></span> <span class='ocrx_word' id='word_1_60' title='bbox 609 1180 681 1241; x_wconf 87' lang='lat' dir='ltr'><strong>satis</strong></span> <span class='ocrx_word' id='word_1_61' title='bbox 705 1197 853 1260; x_wconf 84' lang='lat' dir='ltr'><strong>superque</strong></span> <span class='ocrx_word' id='word_1_62' title='bbox 876 1180 913 1239; x_wconf 86' lang='lat' dir='ltr'><strong>de</strong></span> <span class='ocrx_word' id='word_1_63' title='bbox 935 1179 992 1241; x_wconf 91' lang='lat' dir='ltr'><strong>hoc</strong></span> <span class='ocrx_word' id='word_1_64' title='bbox 1014 1179 1095 1240; x_wconf 82' lang='lat' dir='ltr'><strong>fonte</strong></span> <span class='ocrx_word' id='word_1_65' title='bbox 1117 1179 1294 1240; x_wconf 79' lang='lat' dir='ltr'><strong>faeculento.</strong></span> 
     </span>
    </p>
   </div>
   <div class='ocr_carea' id='block_1_3' title="bbox 754 1362 966 1430">
    <p class='ocr_par' dir='ltr' id='par_1_3' title="bbox 754 1362 966 1430">
     <span class='ocr_line' id='line_1_9' title="bbox 754 1362 966 1430; baseline 0 0"><span class='ocrx_word' id='word_1_66' title='bbox 754 1367 790 1430; x_wconf 85' lang='lat'><strong>3.</strong></span> <span class='ocrx_word' id='word_1_67' title='bbox 825 1362 966 1430; x_wconf 80' lang='lat' dir='ltr'><strong>Africo.</strong></span> 
     </span>
    </p>
   </div>
   <div class='ocr_carea' id='block_1_4' title="bbox 629 1510 1088 1600">
    <p class='ocr_par' dir='ltr' id='par_1_4' title="bbox 629 1510 1088 1600">
     <span class='ocr_line' id='line_1_10' title="bbox 629 1510 1088 1600; baseline 0.004 -22"><span class='ocrx_word' id='word_1_68' title='bbox 629 1531 661 1580; x_wconf 86' lang='lat' dir='ltr'><strong>a.</strong></span> <span class='ocrx_word' id='word_1_69' title='bbox 696 1511 812 1580; x_wconf 80' lang='lat' dir='ltr'><strong>Africa</strong></span> <span class='ocrx_word' id='word_1_70' title='bbox 835 1510 1088 1600; x_wconf 88' lang='lat' dir='ltr'><strong>proconsularis.</strong></span> 
     </span>
    </p>
   </div>
   <div class='ocr_carea' id='block_1_5' title="bbox 776 1651 943 1724">
    <p class='ocr_par' dir='ltr' id='par_1_5' title="bbox 776 1651 943 1724">
     <span class='ocr_line' id='line_1_11' title="bbox 776 1651 943 1724; baseline -0.012 -16"><span class='ocrx_word' id='word_1_71' title='bbox 776 1651 943 1724; x_wconf 82' lang='lat' dir='ltr'><strong>Carthago.</strong></span> 
     </span>
    </p>
   </div>
   <div class='ocr_carea' id='block_1_6' title="bbox 285 1771 1434 3041">
    <p class='ocr_par' dir='ltr' id='par_1_6' title="bbox 285 1771 1434 3041">
     <span class='ocr_line' id='line_1_12' title="bbox 372 1771 1432 1851; baseline -0.005 -18"><span class='ocrx_word' id='word_1_72' title='bbox 372 1771 556 1851; x_wconf 88' lang='lat' dir='ltr'><strong>Carthagine,</strong></span> <span class='ocrx_word' id='word_1_73' title='bbox 591 1772 639 1834; x_wconf 92' lang='lat' dir='ltr'><strong>illa</strong></span> <span class='ocrx_word' id='word_1_74' title='bbox 669 1772 872 1834; x_wconf 83' lang='lat' dir='ltr'><strong>Romanorum</strong></span> <span class='ocrx_word' id='word_1_75' title='bbox 903 1771 973 1834; x_wconf 89' lang='lat' dir='ltr'><strong>olim</strong></span> <span class='ocrx_word' id='word_1_76' title='bbox 1000 1771 1127 1835; x_wconf 83' lang='lat' dir='ltr'><strong>maxime</strong></span> <span class='ocrx_word' id='word_1_77' title='bbox 1153 1771 1258 1832; x_wconf 89' lang='lat' dir='ltr'><strong>inlesta</strong></span> <span class='ocrx_word' id='word_1_78' title='bbox 1280 1787 1336 1830; x_wconf 90' lang='lat' dir='ltr'><strong>neo</strong></span> <span class='ocrx_word' id='word_1_79' title='bbox 1361 1785 1432 1848; x_wconf 89' lang='lat' dir='ltr'><strong>par-</strong></span> 
     </span>
     <span class='ocr_line' id='line_1_13' title="bbox 287 1867 1432 1950; baseline -0.003 -20"><span class='ocrx_word' id='word_1_80' title='bbox 287 1888 339 1932; x_wconf 84' lang='lat' dir='ltr'><strong>vae</strong></span> <span class='ocrx_word' id='word_1_81' title='bbox 362 1871 514 1950; x_wconf 89' lang='lat' dir='ltr'><strong>potentiae</strong></span> <span class='ocrx_word' id='word_1_82' title='bbox 537 1873 660 1946; x_wconf 81' lang='lat' dir='ltr'><strong>aemula,</strong></span> <span class='ocrx_word' id='word_1_83' title='bbox 692 1893 717 1934; x_wconf 92' lang='lat' dir='ltr'><strong>a.</strong></span> <span class='ocrx_word' id='word_1_84' title='bbox 741 1893 770 1934; x_wconf 90' lang='lat' dir='ltr'><strong>u.</strong></span> <span class='ocrx_word' id='word_1_85' title='bbox 796 1893 820 1934; x_wconf 90' lang='lat' dir='ltr'><strong>o.</strong></span> <span class='ocrx_word' id='word_1_86' title='bbox 845 1871 906 1934; x_wconf 87' lang='grc'><strong>608</strong></span> <span class='ocrx_word' id='word_1_87' title='bbox 936 1873 1071 1934; x_wconf 83' lang='lat' dir='ltr'><strong>funditus</strong></span> <span class='ocrx_word' id='word_1_88' title='bbox 1100 1890 1200 1933; x_wconf 87' lang='lat' dir='ltr'><strong>eversa</strong></span> <span class='ocrx_word' id='word_1_89' title='bbox 1228 1870 1351 1949; x_wconf 93' lang='lat' dir='ltr'><strong>soloque</strong></span> <span class='ocrx_word' id='word_1_90' title='bbox 1380 1867 1432 1927; x_wconf 89' lang='lat' dir='ltr'><strong>de-</strong></span> 
     </span>
     <span class='ocr_line' id='line_1_14' title="bbox 286 1969 1431 2051; baseline -0.001 -24"><span class='ocrx_word' id='word_1_91' title='bbox 286 1975 355 2028; x_wconf 83' lang='lat' dir='ltr'><strong>voto</strong></span> <span class='ocrx_word' id='word_1_92' title='bbox 378 1989 444 2031; x_wconf 90' lang='lat' dir='ltr'><strong>curn</strong></span> <span class='ocrx_word' id='word_1_93' title='bbox 469 1990 540 2050; x_wconf 90' lang='lat' dir='ltr'><strong>opes</strong></span> <span class='ocrx_word' id='word_1_94' title='bbox 564 1971 852 2050; x_wconf 77' lang='lat' dir='ltr'><strong>Carthaginiensium</strong></span> <span class='ocrx_word' id='word_1_95' title='bbox 875 1989 999 2051; x_wconf 89' lang='lat' dir='ltr'><strong>prorsus</strong></span> <span class='ocrx_word' id='word_1_96' title='bbox 1022 1971 1053 2031; x_wconf 93' lang='lat' dir='ltr'><strong>in</strong></span> <span class='ocrx_word' id='word_1_97' title='bbox 1068 1970 1162 2032; x_wconf 82' lang='lat' dir='ltr'><strong>Africa</strong></span> <span class='ocrx_word' id='word_1_98' title='bbox 1186 1969 1299 2030; x_wconf 90' lang='lat' dir='ltr'><strong>deletae</strong></span> <span class='ocrx_word' id='word_1_99' title='bbox 1320 1973 1431 2040; x_wconf 86' lang='lat' dir='ltr'><strong>essent,</strong></span> 
     </span>
     <span class='ocr_line' id='line_1_15' title="bbox 286 2066 1431 2149; baseline -0.002 -22"><span class='ocrx_word' id='word_1_100' title='bbox 286 2066 414 2128; x_wconf 83' lang='lat' dir='ltr'><strong>Romani</strong></span> <span class='ocrx_word' id='word_1_101' title='bbox 437 2087 524 2147; x_wconf 91' lang='lat' dir='ltr'><strong>quam</strong></span> <span class='ocrx_word' id='word_1_102' title='bbox 547 2069 699 2131; x_wconf 81' lang='lat' dir='ltr'><strong>celerrime</strong></span> <span class='ocrx_word' id='word_1_103' title='bbox 722 2079 757 2130; x_wconf 92' lang='lat' dir='ltr'><strong>ut</strong></span> <span class='ocrx_word' id='word_1_104' title='bbox 779 2069 946 2149; x_wconf 85' lang='lat' dir='ltr'><strong>provincias</strong></span> <span class='ocrx_word' id='word_1_105' title='bbox 972 2071 1036 2131; x_wconf 91' lang='lat' dir='ltr'><strong>illas</strong></span> <span class='ocrx_word' id='word_1_106' title='bbox 1064 2089 1131 2130; x_wconf 87' lang='lat' dir='ltr'><strong>snas</strong></span> <span class='ocrx_word' id='word_1_107' title='bbox 1155 2072 1285 2130; x_wconf 85' lang='lat' dir='ltr'><strong>lacerent</strong></span> <span class='ocrx_word' id='word_1_108' title='bbox 1311 2084 1431 2146; x_wconf 89' lang='lat' dir='ltr'><strong>operam</strong></span> 
     </span>
     <span class='ocr_line' id='line_1_16' title="bbox 286 2166 1432 2248; baseline -0.002 -22"><span class='ocrx_word' id='word_1_109' title='bbox 286 2166 402 2229; x_wconf 85' lang='lat' dir='ltr'><strong>dabant.</strong></span> <span class='ocrx_word' id='word_1_110' title='bbox 448 2166 530 2238; x_wconf 84' lang='lat' dir='ltr'><strong>Quae</strong></span> <span class='ocrx_word' id='word_1_111' title='bbox 551 2168 684 2230; x_wconf 86' lang='lat' dir='ltr'><strong>moribus</strong></span> <span class='ocrx_word' id='word_1_112' title='bbox 708 2177 737 2230; x_wconf 91' lang='lat' dir='ltr'><strong>et</strong></span> <span class='ocrx_word' id='word_1_113' title='bbox 758 2169 902 2230; x_wconf 87' lang='lat' dir='ltr'><strong>institutis</strong></span> <span class='ocrx_word' id='word_1_114' title='bbox 925 2169 1065 2230; x_wconf 89' lang='lat' dir='ltr'><strong>Romanis</strong></span> <span class='ocrx_word' id='word_1_115' title='bbox 1088 2176 1270 2248; x_wconf 85' lang='lat' dir='ltr'><strong>quantopere</strong></span> <span class='ocrx_word' id='word_1_116' title='bbox 1293 2183 1432 2226; x_wconf 87' lang='lat' dir='ltr'><strong>assueve-</strong></span> 
     </span>
     <span class='ocr_line' id='line_1_17' title="bbox 285 2264 1430 2346; baseline -0.003 -20"><span class='ocrx_word' id='word_1_117' title='bbox 285 2265 346 2326; x_wconf 90' lang='lat' dir='ltr'><strong>rint</strong></span> <span class='ocrx_word' id='word_1_118' title='bbox 369 2273 485 2345; x_wconf 89' lang='lat' dir='ltr'><strong>praeter</strong></span> <span class='ocrx_word' id='word_1_119' title='bbox 507 2265 561 2328; x_wconf 85' lang='lat' dir='ltr'><strong>alie</strong></span> <span class='ocrx_word' id='word_1_120' title='bbox 576 2267 680 2346; x_wconf 91' lang='lat' dir='ltr'><strong>ingens</strong></span> <span class='ocrx_word' id='word_1_121' title='bbox 696 2268 782 2329; x_wconf 89' lang='lat' dir='ltr'><strong>docet</strong></span> <span class='ocrx_word' id='word_1_122' title='bbox 798 2286 940 2336; x_wconf 86' lang='lat' dir='ltr'><strong>numerus</strong></span> <span class='ocrx_word' id='word_1_123' title='bbox 956 2268 1111 2329; x_wconf 91' lang='lat' dir='ltr'><strong>titulorum</strong></span> <span class='ocrx_word' id='word_1_124' title='bbox 1127 2281 1287 2328; x_wconf 88' lang='lat' dir='ltr'><strong>sacrorum.</strong></span> <span class='ocrx_word' id='word_1_125' title='bbox 1334 2264 1430 2336; x_wconf 83' lang='lat' dir='ltr'><strong>Quam</strong></span> 
     </span>
     <span class='ocr_line' id='line_1_18' title="bbox 286 2362 1434 2446; baseline -0.002 -22"><span class='ocrx_word' id='word_1_126' title='bbox 286 2362 323 2424; x_wconf 93' lang='lat' dir='ltr'><strong>ob</strong></span> <span class='ocrx_word' id='word_1_127' title='bbox 348 2381 412 2425; x_wconf 88' lang='lat' dir='ltr'><strong>rem</strong></span> <span class='ocrx_word' id='word_1_128' title='bbox 434 2381 497 2424; x_wconf 93' lang='lat' dir='ltr'><strong>non</strong></span> <span class='ocrx_word' id='word_1_129' title='bbox 521 2365 630 2426; x_wconf 91' lang='lat' dir='ltr'><strong>mirum</strong></span> <span class='ocrx_word' id='word_1_130' title='bbox 653 2367 732 2445; x_wconf 91' lang='lat' dir='ltr'><strong>quod</strong></span> <span class='ocrx_word' id='word_1_131' title='bbox 757 2367 847 2427; x_wconf 89' lang='lat' dir='ltr'><strong>multa</strong></span> <span class='ocrx_word' id='word_1_132' title='bbox 871 2385 925 2446; x_wconf 93' lang='lat' dir='ltr'><strong>pro</strong></span> <span class='ocrx_word' id='word_1_133' title='bbox 947 2384 1074 2427; x_wconf 89' lang='lat' dir='ltr'><strong>numero</strong></span> <span class='ocrx_word' id='word_1_134' title='bbox 1090 2363 1301 2444; x_wconf 84' lang='lat' dir='ltr'><strong>Capitoliorum</strong></span> <span class='ocrx_word' id='word_1_135' title='bbox 1317 2369 1434 2423; x_wconf 85' lang='lat' dir='ltr'><strong>exstant</strong></span> 
     </span>
     <span class='ocr_line' id='line_1_19' title="bbox 285 2462 1432 2542; baseline 0.001 -20"><span class='ocrx_word' id='word_1_136' title='bbox 285 2462 415 2540; x_wconf 83' lang='lat' dir='ltr'><strong>vestigia.</strong></span> <span class='ocrx_word' id='word_1_137' title='bbox 474 2464 714 2542; x_wconf 80' lang='lat' dir='ltr'><strong>Carthaginiense</strong></span> <span class='ocrx_word' id='word_1_138' title='bbox 747 2473 847 2527; x_wconf 87' lang='lat' dir='ltr'><strong>autem</strong></span> <span class='ocrx_word' id='word_1_139' title='bbox 877 2473 1129 2528; x_wconf 90' lang='lat' dir='ltr'><strong>commemoratur</strong></span> <span class='ocrx_word' id='word_1_140' title='bbox 1156 2465 1234 2526; x_wconf 90' lang='lat' dir='ltr'><strong>tituli</strong></span> <span class='ocrx_word' id='word_1_141' title='bbox 1265 2467 1432 2542; x_wconf 85' lang='lat' dir='ltr'><strong>fragmento</strong></span> 
     </span>
     <span class='ocr_line' id='line_1_20' title="bbox 287 2562 1431 2645; baseline -0.002 -23"><span class='ocrx_word' id='word_1_142' title='bbox 287 2579 464 2635; x_wconf 88' lang='lat' dir='ltr'><strong>marmoreo,</strong></span> <span class='ocrx_word' id='word_1_143' title='bbox 491 2563 572 2641; x_wconf 90' lang='lat' dir='ltr'><strong>quod</strong></span> <span class='ocrx_word' id='word_1_144' title='bbox 593 2564 784 2625; x_wconf 87' lang='lat' dir='ltr'><strong>donariorum</strong></span> <span class='ocrx_word' id='word_1_145' title='bbox 801 2565 857 2627; x_wconf 91' lang='lat' dir='ltr'><strong>diis</strong></span> <span class='ocrx_word' id='word_1_146' title='bbox 873 2565 995 2626; x_wconf 90' lang='lat' dir='ltr'><strong>diversis</strong></span> <span class='ocrx_word' id='word_1_147' title='bbox 1011 2566 1148 2627; x_wconf 88' lang='lat' dir='ltr'><strong>datorum</strong></span> <span class='ocrx_word' id='word_1_148' title='bbox 1163 2563 1299 2645; x_wconf 87' lang='lat' dir='ltr'><strong>synopsis</strong></span> <span class='ocrx_word' id='word_1_149' title='bbox 1316 2562 1431 2624; x_wconf 88' lang='lat' dir='ltr'><strong>videtur</strong></span> 
     </span>
     <span class='ocr_line' id='line_1_21' title="bbox 285 2658 1431 2744; baseline 0 -24"><span class='ocrx_word' id='word_1_150' title='bbox 285 2658 446 2734; x_wconf 67' lang='lat' dir='ltr'><strong>fuisse¹²¹t</strong></span> <span class='ocrx_word' id='word_1_151' title='bbox 492 2661 605 2722; x_wconf 86' lang='lat' dir='ltr'><strong>lleinde</strong></span> <span class='ocrx_word' id='word_1_152' title='bbox 633 2662 811 2742; x_wconf 82' lang='lat' dir='ltr'><strong>Cyprianus,</strong></span> <span class='ocrx_word' id='word_1_153' title='bbox 843 2664 894 2743; x_wconf 92' lang='lat' dir='ltr'><strong>qui</strong></span> <span class='ocrx_word' id='word_1_154' title='bbox 925 2682 1002 2726; x_wconf 90' lang='lat' dir='ltr'><strong>anno</strong></span> <span class='ocrx_word' id='word_1_155' title='bbox 1032 2683 1061 2744; x_wconf 92' lang='lat' dir='ltr'><strong>p.</strong></span> <span class='ocrx_word' id='word_1_156' title='bbox 1084 2665 1151 2725; x_wconf 90' lang='lat' dir='ltr'><strong>Chr.</strong></span> <span class='ocrx_word' id='word_1_157' title='bbox 1184 2661 1245 2724; x_wconf 77' lang='lat'><strong>248</strong></span> <span class='ocrx_word' id='word_1_158' title='bbox 1274 2661 1431 2742; x_wconf 90' lang='lat' dir='ltr'><strong>episcopus</strong></span> 
     </span>
     <span class='ocr_line' id='line_1_22' title="bbox 286 2758 1431 2837; baseline 0.002 -19"><span class='ocrx_word' id='word_1_159' title='bbox 286 2758 420 2837; x_wconf 89' lang='lat' dir='ltr'><strong>Carthag.</strong></span> <span class='ocrx_word' id='word_1_160' title='bbox 448 2759 544 2822; x_wconf 91' lang='lat' dir='ltr'><strong>factus</strong></span> <span class='ocrx_word' id='word_1_161' title='bbox 572 2761 627 2823; x_wconf 88' lang='lat' dir='ltr'><strong>sub</strong></span> <span class='ocrx_word' id='word_1_162' title='bbox 655 2763 807 2825; x_wconf 86' lang='lat' dir='ltr'><strong>Valeriano</strong></span> <span class='ocrx_word' id='word_1_163' title='bbox 836 2773 866 2825; x_wconf 91' lang='lat' dir='ltr'><strong>et</strong></span> <span class='ocrx_word' id='word_1_164' title='bbox 889 2763 1020 2825; x_wconf 88' lang='lat' dir='ltr'><strong>Gallieno</strong></span> <span class='ocrx_word' id='word_1_165' title='bbox 1043 2782 1068 2824; x_wconf 90' lang='lat' dir='ltr'><strong>a.</strong></span> <span class='ocrx_word' id='word_1_166' title='bbox 1092 2763 1154 2824; x_wconf 82' lang='lat'><strong>256</strong></span> <span class='ocrx_word' id='word_1_167' title='bbox 1176 2763 1221 2823; x_wconf 87' lang='lat' dir='ltr'><strong>vel</strong></span> <span class='ocrx_word' id='word_1_168' title='bbox 1244 2762 1306 2822; x_wconf 80' lang='lat'><strong>257</strong></span> <span class='ocrx_word' id='word_1_169' title='bbox 1334 2759 1431 2821; x_wconf 90' lang='lat' dir='ltr'><strong>securi</strong></span> 
     </span>
     <span class='ocr_line' id='line_1_23' title="bbox 285 2858 1431 2942; baseline -0.001 -23"><span class='ocrx_word' id='word_1_170' title='bbox 285 2875 445 2937; x_wconf 88' lang='lat' dir='ltr'><strong>percussus</strong></span> <span class='ocrx_word' id='word_1_171' title='bbox 469 2861 572 2934; x_wconf 80' lang='lat' dir='ltr'><strong>fertur,</strong></span> <span class='ocrx_word' id='word_1_172' title='bbox 597 2879 667 2922; x_wconf 91' lang='lat' dir='ltr'><strong>voce</strong></span> <span class='ocrx_word' id='word_1_173' title='bbox 691 2862 824 2941; x_wconf 87' lang='lat' dir='ltr'><strong>Capitolii</strong></span> <span class='ocrx_word' id='word_1_174' title='bbox 847 2863 887 2923; x_wconf 87' lang='lat' dir='ltr'><strong>ita</strong></span> <span class='ocrx_word' id='word_1_175' title='bbox 909 2863 1013 2935; x_wconf 88' lang='lat' dir='ltr'><strong>utitur,</strong></span> <span class='ocrx_word' id='word_1_176' title='bbox 1037 2869 1070 2923; x_wconf 92' lang='lat' dir='ltr'><strong>ut</strong></span> <span class='ocrx_word' id='word_1_177' title='bbox 1092 2861 1334 2942; x_wconf 86' lang='lat' dir='ltr'><strong>Carthaginiense</strong></span> <span class='ocrx_word' id='word_1_178' title='bbox 1356 2858 1431 2939; x_wconf 92' lang='lat' dir='ltr'><strong>quin</strong></span> 
     </span>
     <span class='ocr_line' id='line_1_24' title="bbox 285 2956 1429 3041; baseline 0 -25"><span class='ocrx_word' id='word_1_179' title='bbox 285 2956 490 3033; x_wconf 85' lang='lat' dir='ltr'><strong>significaverit</strong></span> <span class='ocrx_word' id='word_1_180' title='bbox 513 2958 635 3019; x_wconf 90' lang='lat' dir='ltr'><strong>dubium</strong></span> <span class='ocrx_word' id='word_1_181' title='bbox 660 2979 725 3021; x_wconf 89' lang='lat' dir='ltr'><strong>esse</strong></span> <span class='ocrx_word' id='word_1_182' title='bbox 741 2959 787 3020; x_wconf 84' lang='lat' dir='ltr'><strong>rix</strong></span> <span class='ocrx_word' id='word_1_183' title='bbox 802 2956 967 3041; x_wconf 60' lang='lat' dir='ltr'><strong>possum).</strong></span> <span class='ocrx_word' id='word_1_184' title='bbox 1012 2962 1086 3023; x_wconf 91' lang='lat' dir='ltr'><strong>lllud</strong></span> <span class='ocrx_word' id='word_1_185' title='bbox 1103 2961 1187 3022; x_wconf 91' lang='lat' dir='ltr'><strong>initio</strong></span> <span class='ocrx_word' id='word_1_186' title='bbox 1212 2960 1319 3022; x_wconf 88' lang='lat' dir='ltr'><strong>saeculi</strong></span> <span class='ocrx_word' id='word_1_187' title='bbox 1334 2957 1429 3039; x_wconf 91' lang='lat' dir='ltr'><strong>quinti</strong></span> 
     </span>
    </p>
   </div>
   <div class='ocr_carea' id='block_1_7' title="bbox 288 3081 502 3094">
    <p class='ocr_par' dir='ltr' id='par_1_7' title="bbox 288 3081 502 3094">
     <span class='ocr_line' id='line_1_25' title="bbox 288 3081 502 3094; baseline 0 -2"><span class='ocrx_word' id='word_1_188' title='bbox 288 3081 502 3094; x_wconf 62' lang='lat' dir='ltr'><strong>n———u—-n</strong></span> 
     </span>
    </p>
   </div>
   <div class='ocr_carea' id='block_1_8' title="bbox 276 3135 1431 4518">
    <p class='ocr_par' dir='ltr' id='par_1_8' title="bbox 285 3135 1431 3452">
     <span class='ocr_line' id='line_1_26' title="bbox 353 3135 1431 3209; baseline 0.001 -21"><span class='ocrx_word' id='word_1_189' title='bbox 353 3138 396 3200; x_wconf 69' lang='grc' dir='ltr'><strong>1ηΙ</strong></span> <span class='ocrx_word' id='word_1_190' title='bbox 415 3137 443 3190; x_wconf 90' lang='lat' dir='ltr'><strong>C.</strong></span> <span class='ocrx_word' id='word_1_191' title='bbox 456 3137 474 3190; x_wconf 93' lang='lat' dir='ltr'><strong>l.</strong></span> <span class='ocrx_word' id='word_1_192' title='bbox 487 3139 515 3190; x_wconf 87' lang='lat' dir='ltr'><strong>L.</strong></span> <span class='ocrx_word' id='word_1_193' title='bbox 528 3135 585 3193; x_wconf 92' lang='lat' dir='ltr'><strong>Vlll</strong></span> <span class='ocrx_word' id='word_1_194' title='bbox 606 3140 684 3192; x_wconf 81' lang='lat'>1013:</span> <span class='ocrx_word' id='word_1_195' title='bbox 698 3180 704 3192; x_wconf 94' lang='lat'><strong>.</strong></span> <span class='ocrx_word' id='word_1_196' title='bbox 719 3178 725 3191; x_wconf 94' lang='lat'><strong>.</strong></span> <span class='ocrx_word' id='word_1_197' title='bbox 739 3181 745 3194; x_wconf 98' lang='lat'><strong>.</strong></span> <span class='ocrx_word' id='word_1_198' title='bbox 758 3159 814 3193; x_wconf 87' lang='lat' dir='ltr'><strong>cnm</strong></span> <span class='ocrx_word' id='word_1_199' title='bbox 832 3144 966 3209; x_wconf 84' lang='lat' dir='ltr'><strong>sigmeutis</strong></span> <span class='ocrx_word' id='word_1_200' title='bbox 985 3143 1071 3194; x_wconf 85' lang='lat' dir='ltr'><strong>Mercu</strong></span> <span class='ocrx_word' id='word_1_201' title='bbox 1085 3182 1090 3196; x_wconf 91' lang='lat'><strong>.</strong></span> <span class='ocrx_word' id='word_1_202' title='bbox 1105 3181 1130 3193; x_wconf 92' lang='lat'><strong>..</strong></span> <span class='ocrx_word' id='word_1_203' title='bbox 1147 3143 1151 3209; x_wconf 92' lang='grc' dir='ltr'><strong>Ι</strong></span> <span class='ocrx_word' id='word_1_204' title='bbox 1167 3150 1194 3193; x_wconf 87' lang='lat' dir='ltr'><strong>et</strong></span> <span class='ocrx_word' id='word_1_205' title='bbox 1211 3141 1296 3194; x_wconf 81' lang='lat' dir='ltr'><strong>Marte</strong></span> <span class='ocrx_word' id='word_1_206' title='bbox 1313 3139 1431 3207; x_wconf 74' lang='lat' dir='ltr'><strong>plagulas</strong></span> 
     </span>
     <span class='ocr_line' id='line_1_27' title="bbox 285 3217 1430 3291; baseline 0.002 -20"><span class='ocrx_word' id='word_1_207' title='bbox 285 3221 359 3271; x_wconf 81' lang='lat' dir='ltr'><strong>(l...</strong></span> <span class='ocrx_word' id='word_1_208' title='bbox 375 3221 522 3286; x_wconf 81' lang='lat' dir='ltr'><strong>l...atius</strong></span> <span class='ocrx_word' id='word_1_209' title='bbox 541 3237 678 3288; x_wconf 85' lang='lat' dir='ltr'><strong>purus...</strong></span> <span class='ocrx_word' id='word_1_210' title='bbox 699 3223 908 3291; x_wconf 78' lang='lat' dir='ltr'><strong>Capitoliu...l</strong></span> <span class='ocrx_word' id='word_1_211' title='bbox 942 3225 1130 3291; x_wconf 82' lang='lat' dir='ltr'><strong>...(p)rasina</strong></span> <span class='ocrx_word' id='word_1_212' title='bbox 1154 3225 1241 3274; x_wconf 88' lang='lat' dir='ltr'><strong>colore</strong></span> <span class='ocrx_word' id='word_1_213' title='bbox 1264 3224 1349 3274; x_wconf 79' lang='lat' dir='ltr'><strong>clevet</strong></span> <span class='ocrx_word' id='word_1_214' title='bbox 1367 3217 1430 3287; x_wconf 91' lang='grc' dir='ltr'><strong>...Ι</strong></span> 
     </span>
     <span class='ocr_line' id='line_1_28' title="bbox 285 3300 1431 3372; baseline 0.001 -21"><span class='ocrx_word' id='word_1_215' title='bbox 285 3300 317 3352; x_wconf 86' lang='lat' dir='ltr'><strong>cl.</strong></span> <span class='ocrx_word' id='word_1_216' title='bbox 335 3301 378 3352; x_wconf 83' lang='lat' dir='ltr'><strong>tit.</strong></span> <span class='ocrx_word' id='word_1_217' title='bbox 398 3302 460 3353; x_wconf 87' lang='lat' dir='ltr'><strong>Cirt.</strong></span> <span class='ocrx_word' id='word_1_218' title='bbox 485 3319 508 3353; x_wconf 90' lang='lat' dir='ltr'><strong>u.</strong></span> <span class='ocrx_word' id='word_1_219' title='bbox 527 3303 603 3354; x_wconf 80' lang='lat'><strong>6981.</strong></span> <span class='ocrx_word' id='word_1_220' title='bbox 624 3303 699 3355; x_wconf 81' lang='lat'><strong>6982.</strong></span> <span class='ocrx_word' id='word_1_221' title='bbox 743 3303 775 3356; x_wconf 80' lang='lat' dir='ltr'><strong>cl.</strong></span> <span class='ocrx_word' id='word_1_222' title='bbox 796 3323 818 3356; x_wconf 86' lang='lat' dir='ltr'><strong>c.</strong></span> <span class='ocrx_word' id='word_1_223' title='bbox 840 3307 919 3357; x_wconf 81' lang='lat'>1141:</span> <span class='ocrx_word' id='word_1_224' title='bbox 950 3306 994 3370; x_wconf 82' lang='lat' dir='ltr'><strong>(hl.</strong></span> <span class='ocrx_word' id='word_1_225' title='bbox 1020 3305 1105 3358; x_wconf 85' lang='lat' dir='ltr'><strong>Titius</strong></span> <span class='ocrx_word' id='word_1_226' title='bbox 1129 3305 1309 3372; x_wconf 75' lang='lat' dir='ltr'><strong>Acisculapius</strong></span> <span class='ocrx_word' id='word_1_227' title='bbox 1333 3305 1431 3368; x_wconf 74' lang='lat' dir='ltr'><strong>secler-</strong></span> 
     </span>
     <span class='ocr_line' id='line_1_29' title="bbox 285 3381 729 3452; baseline 0.009 -20"><span class='ocrx_word' id='word_1_228' title='bbox 285 3383 342 3447; x_wconf 86' lang='lat' dir='ltr'><strong>dos)</strong></span> <span class='ocrx_word' id='word_1_229' title='bbox 360 3381 448 3446; x_wconf 87' lang='lat' dir='ltr'><strong>l(ovis)</strong></span> <span class='ocrx_word' id='word_1_230' title='bbox 468 3385 578 3450; x_wconf 72' lang='lat' dir='ltr'><strong>olptimi)</strong></span> <span class='ocrx_word' id='word_1_231' title='bbox 597 3384 729 3452; x_wconf 76' lang='lat' dir='ltr'><strong>m(uximi).</strong></span> 
     </span>
    </p>

    <p class='ocr_par' dir='ltr' id='par_1_9' title="bbox 276 3464 1431 4518">
     <span class='ocr_line' id='line_1_30' title="bbox 354 3464 1430 3536; baseline 0.002 -21"><span class='ocrx_word' id='word_1_232' title='bbox 354 3464 397 3529; x_wconf 71' lang='lat'>¹²⁸)</span> <span class='ocrx_word' id='word_1_233' title='bbox 417 3465 474 3516; x_wconf 87' lang='lat' dir='ltr'><strong>Lib.</strong></span> <span class='ocrx_word' id='word_1_234' title='bbox 494 3467 525 3518; x_wconf 81' lang='lat' dir='ltr'><strong>(le</strong></span> <span class='ocrx_word' id='word_1_235' title='bbox 543 3466 608 3534; x_wconf 79' lang='lat' dir='ltr'><strong>laps.</strong></span> <span class='ocrx_word' id='word_1_236' title='bbox 628 3468 675 3529; x_wconf 87' lang='lat' dir='ltr'><strong>(cd.</strong></span> <span class='ocrx_word' id='word_1_237' title='bbox 695 3469 808 3534; x_wconf 83' lang='lat' dir='ltr'><strong>llartcl.)</strong></span> <span class='ocrx_word' id='word_1_238' title='bbox 825 3486 849 3536; x_wconf 88' lang='lat' dir='ltr'><strong>p.</strong></span> <span class='ocrx_word' id='word_1_239' title='bbox 864 3469 923 3533; x_wconf 79' lang='lat' dir='ltr'><strong>tlt,</strong></span> <span class='ocrx_word' id='word_1_240' title='bbox 943 3469 987 3519; x_wconf 83' lang='lat'><strong>19:</strong></span> <span class='ocrx_word' id='word_1_241' title='bbox 1012 3485 1112 3520; x_wconf 87' lang='lat' dir='ltr'><strong>nonne</strong></span> <span class='ocrx_word' id='word_1_242' title='bbox 1135 3469 1253 3533; x_wconf 79' lang='lat' dir='ltr'><strong>quando</strong></span> <span class='ocrx_word' id='word_1_243' title='bbox 1276 3467 1312 3520; x_wconf 74' lang='lat' dir='ltr'><strong>erl</strong></span> <span class='ocrx_word' id='word_1_244' title='bbox 1337 3466 1430 3532; x_wconf 78' lang='lat' dir='ltr'><strong>Capi-</strong></span> 
     </span>
     <span class='ocr_line' id='line_1_31' title="bbox 276 3546 1430 3617; baseline 0 -19"><span class='ocrx_word' id='word_1_245' title='bbox 276 3546 402 3610; x_wconf 59' lang='lat' dir='ltr'><strong>,tolium</strong></span> <span class='ocrx_word' id='word_1_246' title='bbox 421 3557 533 3613; x_wconf 86' lang='lat' dir='ltr'><strong>sponte</strong></span> <span class='ocrx_word' id='word_1_247' title='bbox 552 3556 679 3600; x_wconf 84' lang='lat' dir='ltr'><strong>ventum</strong></span> <span class='ocrx_word' id='word_1_248' title='bbox 698 3558 762 3614; x_wconf 88' lang='lat' dir='ltr'><strong>est,</strong></span> <span class='ocrx_word' id='word_1_249' title='bbox 781 3551 900 3616; x_wconf 78' lang='lat' dir='ltr'><strong>quando</strong></span> <span class='ocrx_word' id='word_1_250' title='bbox 919 3551 1011 3602; x_wconf 91' lang='lat' dir='ltr'><strong>ultro</strong></span> <span class='ocrx_word' id='word_1_251' title='bbox 1030 3553 1067 3601; x_wconf 88' lang='lat' dir='ltr'><strong>ud</strong></span> <span class='ocrx_word' id='word_1_252' title='bbox 1085 3551 1274 3617; x_wconf 85' lang='lat' dir='ltr'><strong>obsequium</strong></span> <span class='ocrx_word' id='word_1_253' title='bbox 1297 3548 1365 3599; x_wconf 89' lang='lat' dir='ltr'><strong>diri</strong></span> <span class='ocrx_word' id='word_1_254' title='bbox 1384 3546 1430 3598; x_wconf 80' lang='lat' dir='ltr'><strong>la-</strong></span> 
     </span>
     <span class='ocr_line' id='line_1_32' title="bbox 285 3628 1430 3698; baseline -0.001 -19"><span class='ocrx_word' id='word_1_255' title='bbox 285 3628 414 3679; x_wconf 85' lang='lat' dir='ltr'><strong>einoris</strong></span> <span class='ocrx_word' id='word_1_256' title='bbox 432 3645 597 3682; x_wconf 83' lang='lat' dir='ltr'><strong>accessum</strong></span> <span class='ocrx_word' id='word_1_257' title='bbox 616 3639 678 3697; x_wconf 88' lang='lat' dir='ltr'><strong>est,</strong></span> <span class='ocrx_word' id='word_1_258' title='bbox 697 3633 807 3684; x_wconf 84' lang='lat' dir='ltr'><strong>labuit</strong></span> <span class='ocrx_word' id='word_1_259' title='bbox 823 3647 973 3697; x_wconf 78' lang='lat' dir='ltr'><strong>gressus,</strong></span> <span class='ocrx_word' id='word_1_260' title='bbox 994 3633 1160 3697; x_wconf 77' lang='lat' dir='ltr'><strong>caligavit</strong></span> <span class='ocrx_word' id='word_1_261' title='bbox 1177 3639 1340 3698; x_wconf 84' lang='lat' dir='ltr'><strong>aspectus,</strong></span> <span class='ocrx_word' id='word_1_262' title='bbox 1362 3637 1430 3680; x_wconf 89' lang='lat' dir='ltr'><strong>tre·</strong></span> 
     </span>
     <span class='ocr_line' id='line_1_33' title="bbox 284 3713 1430 3777; baseline 0.002 -18"><span class='ocrx_word' id='word_1_263' title='bbox 284 3719 430 3762; x_wconf 88' lang='lat' dir='ltr'><strong>mucrunt</strong></span> <span class='ocrx_word' id='word_1_264' title='bbox 459 3713 609 3777; x_wconf 84' lang='lat' dir='ltr'><strong>viscora,</strong></span> <span class='ocrx_word' id='word_1_265' title='bbox 639 3714 775 3766; x_wconf 84' lang='lat' dir='ltr'><strong>membru</strong></span> <span class='ocrx_word' id='word_1_266' title='bbox 805 3715 1092 3765; x_wconf 83' lang='lat' dir='ltr'><strong>conciderunt</strong></span> <span class='ocrx_word' id='word_1_267' title='bbox 1123 3714 1205 3765; x_wconf 89' lang='lat' dir='ltr'><strong>Unus</strong></span> <span class='ocrx_word' id='word_1_268' title='bbox 1235 3730 1273 3764; x_wconf 83' lang='lat' dir='ltr'><strong>ex</strong></span> <span class='ocrx_word' id='word_1_269' title='bbox 1301 3714 1351 3763; x_wconf 88' lang='lat' dir='ltr'><strong>his</strong></span> <span class='ocrx_word' id='word_1_270' title='bbox 1380 3713 1430 3777; x_wconf 92' lang='lat' dir='ltr'><strong>qni</strong></span> 
     </span>
     <span class='ocr_line' id='line_1_34' title="bbox 285 3793 1431 3862; baseline 0.001 -20"><span class='ocrx_word' id='word_1_271' title='bbox 285 3799 398 3858; x_wconf 86' lang='lat' dir='ltr'><strong>sponte</strong></span> <span class='ocrx_word' id='word_1_272' title='bbox 416 3793 610 3860; x_wconf 79' lang='lat' dir='ltr'><strong>Capitolium</strong></span> <span class='ocrx_word' id='word_1_273' title='bbox 629 3803 805 3858; x_wconf 72' lang='lat' dir='ltr'><strong>negaturus</strong></span> <span class='ocrx_word' id='word_1_274' title='bbox 828 3796 978 3847; x_wconf 81' lang='lat' dir='ltr'><strong>escondit</strong></span> <span class='ocrx_word' id='word_1_275' title='bbox 999 3803 1168 3862; x_wconf 78' lang='lat' dir='ltr'><strong>postquem</strong></span> <span class='ocrx_word' id='word_1_276' title='bbox 1192 3795 1356 3848; x_wconf 84' lang='lat' dir='ltr'><strong>Christum</strong></span> <span class='ocrx_word' id='word_1_277' title='bbox 1374 3809 1431 3843; x_wconf 90' lang='lat' dir='ltr'><strong>ne-</strong></span> 
     </span>
     <span class='ocr_line' id='line_1_35' title="bbox 285 3874 1430 3943; baseline 0.003 -20"><span class='ocrx_word' id='word_1_278' title='bbox 285 3874 375 3938; x_wconf 83' lang='lat' dir='ltr'><strong>gavit</strong></span> <span class='ocrx_word' id='word_1_279' title='bbox 394 3875 561 3928; x_wconf 89' lang='lat' dir='ltr'><strong>obmutuit.</strong></span> <span class='ocrx_word' id='word_1_280' title='bbox 580 3903 614 3914; x_wconf 83' lang='lat'><strong>·-</strong></span> <span class='ocrx_word' id='word_1_281' title='bbox 631 3877 678 3943; x_wconf 82' lang='lat' dir='ltr'><strong>llp.</strong></span> <span class='ocrx_word' id='word_1_282' title='bbox 697 3878 736 3929; x_wconf 85' lang='lat' dir='ltr'><strong>ad.</strong></span> <span class='ocrx_word' id='word_1_283' title='bbox 756 3877 902 3928; x_wconf 85' lang='lat' dir='ltr'><strong>Cornelium</strong></span> <span class='ocrx_word' id='word_1_284' title='bbox 925 3875 958 3928; x_wconf 82' lang='lat' dir='ltr'><strong>ir.</strong></span> <span class='ocrx_word' id='word_1_285' title='bbox 982 3894 1004 3928; x_wconf 91' lang='lat' dir='ltr'><strong>c.</strong></span> <span class='ocrx_word' id='word_1_286' title='bbox 1026 3877 1057 3927; x_wconf 84' lang='lat' dir='ltr'><strong>tc</strong></span> <span class='ocrx_word' id='word_1_287' title='bbox 1082 3879 1131 3941; x_wconf 85' lang='lat' dir='ltr'><strong>(ed.</strong></span> <span class='ocrx_word' id='word_1_288' title='bbox 1151 3878 1248 3930; x_wconf 87' lang='lat' dir='ltr'><strong>llartel.</strong></span> <span class='ocrx_word' id='word_1_289' title='bbox 1267 3894 1291 3943; x_wconf 92' lang='lat' dir='ltr'><strong>p.</strong></span> <span class='ocrx_word' id='word_1_290' title='bbox 1304 3876 1364 3940; x_wconf 80' lang='lat'><strong>681,</strong></span> <span class='ocrx_word' id='word_1_291' title='bbox 1379 3877 1430 3940; x_wconf 73' lang='lat'><strong>1²)²</strong></span> 
     </span>
     <span class='ocr_line' id='line_1_36' title="bbox 285 3955 1430 4027; baseline 0.001 -21"><span class='ocrx_word' id='word_1_292' title='bbox 285 3955 528 4021; x_wconf 83' lang='lat' dir='ltr'><strong>Compelluntur</strong></span> <span class='ocrx_word' id='word_1_293' title='bbox 550 3960 654 4010; x_wconf 83' lang='lat' dir='ltr'><strong>adhuc</strong></span> <span class='ocrx_word' id='word_1_294' title='bbox 678 3959 811 4025; x_wconf 88' lang='lat' dir='ltr'><strong>iusuper</strong></span> <span class='ocrx_word' id='word_1_295' title='bbox 833 3959 920 4027; x_wconf 79' lang='lat' dir='ltr'><strong>lapsi</strong></span> <span class='ocrx_word' id='word_1_296' title='bbox 941 3966 975 4008; x_wconf 93' lang='lat' dir='ltr'><strong>ut</strong></span> <span class='ocrx_word' id='word_1_297' title='bbox 999 3959 1124 4024; x_wconf 84' lang='lat' dir='ltr'><strong>linguis</strong></span> <span class='ocrx_word' id='word_1_298' title='bbox 1148 3960 1247 4026; x_wconf 80' lang='lat' dir='ltr'><strong>adque</strong></span> <span class='ocrx_word' id='word_1_299' title='bbox 1271 3973 1339 4022; x_wconf 87' lang='lat' dir='ltr'><strong>oro,</strong></span> <span class='ocrx_word' id='word_1_300' title='bbox 1372 3973 1430 4024; x_wconf 91' lang='lat' dir='ltr'><strong>quo</strong></span> 
     </span>
     <span class='ocr_line' id='line_1_37' title="bbox 285 4036 1428 4105; baseline 0.006 -20"><span class='ocrx_word' id='word_1_301' title='bbox 285 4036 316 4086; x_wconf 89' lang='lat' dir='ltr'><strong>iu</strong></span> <span class='ocrx_word' id='word_1_302' title='bbox 335 4036 583 4104; x_wconf 83' lang='lat' dir='ltr'><strong>Capitolioaute</strong></span> <span class='ocrx_word' id='word_1_303' title='bbox 602 4040 827 4105; x_wconf 79' lang='lat' dir='ltr'><strong>deliquerant,</strong></span> <span class='ocrx_word' id='word_1_304' title='bbox 847 4042 1077 4094; x_wconf 80' lang='lat' dir='ltr'><strong>sacerdotibus</strong></span> <span class='ocrx_word' id='word_1_305' title='bbox 1095 4041 1428 4104; x_wconf 77' lang='lat' dir='ltr'><strong>conviciumieciant,</strong></span> 
     </span>
     <span class='ocr_line' id='line_1_38' title="bbox 285 4119 1430 4191; baseline 0.004 -22"><span class='ocrx_word' id='word_1_306' title='bbox 285 4119 494 4174; x_wconf 83' lang='lat' dir='ltr'><strong>consessores</strong></span> <span class='ocrx_word' id='word_1_307' title='bbox 513 4129 544 4174; x_wconf 90' lang='lat' dir='ltr'><strong>et</strong></span> <span class='ocrx_word' id='word_1_308' title='bbox 564 4123 711 4186; x_wconf 81' lang='lat' dir='ltr'><strong>virgines</strong></span> <span class='ocrx_word' id='word_1_309' title='bbox 734 4130 765 4172; x_wconf 87' lang='lat' dir='ltr'><strong>et</strong></span> <span class='ocrx_word' id='word_1_310' title='bbox 787 4124 892 4173; x_wconf 89' lang='lat' dir='ltr'><strong>iustos</strong></span> <span class='ocrx_word' id='word_1_311' title='bbox 915 4139 1058 4191; x_wconf 88' lang='lat' dir='ltr'><strong>quosque</strong></span> <span class='ocrx_word' id='word_1_312' title='bbox 1081 4123 1163 4176; x_wconf 86' lang='lat' dir='ltr'><strong>fidei</strong></span> <span class='ocrx_word' id='word_1_313' title='bbox 1186 4126 1280 4176; x_wconf 86' lang='lat' dir='ltr'><strong>laudo</strong></span> <span class='ocrx_word' id='word_1_314' title='bbox 1303 4125 1430 4191; x_wconf 82' lang='lat' dir='ltr'><strong>praeci-</strong></span> 
     </span>
     <span class='ocr_line' id='line_1_39' title="bbox 285 4204 1430 4270; baseline 0.003 -20"><span class='ocrx_word' id='word_1_315' title='bbox 285 4217 362 4267; x_wconf 93' lang='lat' dir='ltr'><strong>pnos</strong></span> <span class='ocrx_word' id='word_1_316' title='bbox 389 4205 487 4270; x_wconf 84' lang='lat' dir='ltr'><strong>adque</strong></span> <span class='ocrx_word' id='word_1_317' title='bbox 515 4205 544 4254; x_wconf 93' lang='lat' dir='ltr'><strong>in</strong></span> <span class='ocrx_word' id='word_1_318' title='bbox 572 4205 718 4256; x_wconf 78' lang='lat' dir='ltr'><strong>ecclesie</strong></span> <span class='ocrx_word' id='word_1_319' title='bbox 750 4204 918 4268; x_wconf 78' lang='lat' dir='ltr'><strong>gloriosos</strong></span> <span class='ocrx_word' id='word_1_320' title='bbox 945 4207 1157 4257; x_wconf 85' lang='lat' dir='ltr'><strong>contumeliis</strong></span> <span class='ocrx_word' id='word_1_321' title='bbox 1186 4215 1216 4257; x_wconf 90' lang='lat' dir='ltr'><strong>et</strong></span> <span class='ocrx_word' id='word_1_322' title='bbox 1243 4205 1430 4258; x_wconf 80' lang='lat' dir='ltr'><strong>malediciis</strong></span> 
     </span>
     <span class='ocr_line' id='line_1_40' title="bbox 284 4284 1430 4354; baseline 0.001 -19"><span class='ocrx_word' id='word_1_323' title='bbox 284 4284 418 4335; x_wconf 87' lang='lat' dir='ltr'><strong>vocibus</strong></span> <span class='ocrx_word' id='word_1_324' title='bbox 436 4293 676 4351; x_wconf 81' lang='lat' dir='ltr'><strong>persequantur.</strong></span> <span class='ocrx_word' id='word_1_325' title='bbox 713 4285 799 4352; x_wconf 82' lang='lat' dir='ltr'><strong>ltaque</strong></span> <span class='ocrx_word' id='word_1_326' title='bbox 812 4287 831 4337; x_wconf 90' lang='lat' dir='ltr'><strong>ii</strong></span> <span class='ocrx_word' id='word_1_327' title='bbox 843 4287 912 4353; x_wconf 84' lang='lat' dir='ltr'><strong>quia</strong></span> <span class='ocrx_word' id='word_1_328' title='bbox 929 4303 996 4340; x_wconf 84' lang='lat' dir='ltr'><strong>nova</strong></span> <span class='ocrx_word' id='word_1_329' title='bbox 1009 4288 1057 4337; x_wconf 87' lang='lat' dir='ltr'><strong>ilde</strong></span> <span class='ocrx_word' id='word_1_330' title='bbox 1072 4286 1221 4338; x_wconf 82' lang='lat' dir='ltr'><strong>defecerant</strong></span> <span class='ocrx_word' id='word_1_331' title='bbox 1233 4287 1373 4354; x_wconf 80' lang='lat' dir='ltr'><strong>Capitolini</strong></span> <span class='ocrx_word' id='word_1_332' title='bbox 1386 4302 1430 4338; x_wconf 91' lang='lat' dir='ltr'><strong>vo·</strong></span> 
     </span>
     <span class='ocr_line' id='line_1_41' title="bbox 285 4365 1429 4435; baseline 0 -19"><span class='ocrx_word' id='word_1_333' title='bbox 285 4365 441 4434; x_wconf 85' lang='lat' dir='ltr'><strong>citabantur,</strong></span> <span class='ocrx_word' id='word_1_334' title='bbox 459 4367 491 4419; x_wconf 81' lang='lat' dir='ltr'><strong>ef.</strong></span> <span class='ocrx_word' id='word_1_335' title='bbox 509 4367 612 4419; x_wconf 74' lang='lat' dir='ltr'><strong>Pucino.</strong></span> <span class='ocrx_word' id='word_1_336' title='bbox 632 4383 670 4434; x_wconf 88' lang='lat' dir='ltr'><strong>ep.</strong></span> <span class='ocrx_word' id='word_1_337' title='bbox 683 4367 699 4418; x_wconf 84' lang='lat'>2</span> <span class='ocrx_word' id='word_1_338' title='bbox 713 4369 761 4434; x_wconf 82' lang='lat' dir='ltr'><strong>(ap.</strong></span> <span class='ocrx_word' id='word_1_339' title='bbox 772 4367 858 4432; x_wconf 82' lang='lat' dir='ltr'><strong>lligue</strong></span> <span class='ocrx_word' id='word_1_340' title='bbox 870 4369 922 4420; x_wconf 87' lang='lat' dir='ltr'><strong>vol.</strong></span> <span class='ocrx_word' id='word_1_341' title='bbox 935 4366 994 4418; x_wconf 86' lang='lat' dir='ltr'><strong>Xlll</strong></span> <span class='ocrx_word' id='word_1_342' title='bbox 1007 4385 1029 4421; x_wconf 89' lang='lat' dir='ltr'><strong>c.</strong></span> <span class='ocrx_word' id='word_1_343' title='bbox 1041 4369 1080 4431; x_wconf 74' lang='lat' dir='ltr'><strong>ills</strong></span> <span class='ocrx_word' id='word_1_344' title='bbox 1099 4369 1249 4435; x_wconf 81' lang='lat' dir='ltr'><strong>numquit</strong></span> <span class='ocrx_word' id='word_1_345' title='bbox 1269 4367 1429 4435; x_wconf 80' lang='lat' dir='ltr'><strong>Cyprieno</strong></span> 
     </span>
     <span class='ocr_line' id='line_1_42' title="bbox 285 4450 1430 4518; baseline 0.002 -21"><span class='ocrx_word' id='word_1_346' title='bbox 285 4456 396 4500; x_wconf 79' lang='lat' dir='ltr'><strong>sancto</strong></span> <span class='ocrx_word' id='word_1_347' title='bbox 415 4451 488 4502; x_wconf 83' lang='lat' dir='ltr'><strong>viro</strong></span> <span class='ocrx_word' id='word_1_348' title='bbox 507 4452 564 4501; x_wconf 90' lang='lat' dir='ltr'><strong>hoc</strong></span> <span class='ocrx_word' id='word_1_349' title='bbox 591 4450 684 4501; x_wconf 87' lang='lat' dir='ltr'><strong>obest</strong></span> <span class='ocrx_word' id='word_1_350' title='bbox 710 4450 791 4516; x_wconf 82' lang='lat' dir='ltr'><strong>quod</strong></span> <span class='ocrx_word' id='word_1_351' title='bbox 817 4451 951 4518; x_wconf 87' lang='lat' dir='ltr'><strong>populus</strong></span> <span class='ocrx_word' id='word_1_352' title='bbox 977 4451 1051 4502; x_wconf 82' lang='lat' dir='ltr'><strong>eius</strong></span> <span class='ocrx_word' id='word_1_353' title='bbox 1077 4450 1294 4518; x_wconf 68' lang='lat' dir='ltr'><strong>apostaticum</strong></span> <span class='ocrx_word' id='word_1_354' title='bbox 1321 4463 1430 4504; x_wconf 78' lang='lat' dir='ltr'><strong>nomen</strong></span> 
     </span>
    </p>
   </div>
   <div class='ocr_carea' id='block_1_9' title="bbox 0 0 1594 5236">
    <p class='ocr_par' dir='ltr' id='par_1_10' title="bbox 0 0 1594 5236">
     <span class='ocr_line' id='line_1_43' title="bbox 0 0 1594 5236; baseline 0 0"><span class='ocrx_word' id='word_1_355' title='bbox 0 0 1594 5236; x_wconf 95' lang='lat' dir='ltr'><strong> </strong></span> 
     </span>
    </p>
   </div>
  </div>
 </body>
</html>
