3180 5236
778 405 1000 468 „10-

401 581 487 654 Quae
516 600 586 642 cum
617 582 656 642 ita
689 583 751 643 sint
784 592 847 644 acta
879 601 999 663 quoque
1025 591 1199 645 sanctorum
1231 586 1341 665 quihus
1367 590 1473 649 semel

315 680 484 760 iterumque
500 681 658 742 Christiani
681 682 714 742 in
736 682 912 760 Capitolium
937 683 1016 742 ducti
1039 701 1107 744 csse
1128 685 1269 745 feruntur
1282 705 1345 746 nou
1360 686 1471 746 omnis

220 801 224 806 ·
315 779 383 840 lidei
417 780 548 859 expertia
577 790 648 840 suut
676 799 773 859 neque
804 782 947 842 hahemus
969 783 1047 861 quod
1072 801 1174 844 eornm
1197 785 1359 846 relationes
1381 785 1473 846 velut

314 877 396 940 lictas
428 879 661 959 vaniloquosque
694 881 764 942 licet
795 881 962 942 cautionem
995 883 1188 944 adhibeamus
1219 904 1235 943 a
1268 885 1370 946 limine
1400 885 1469 946 rci-

312 996 435 1039 cramus.

398 1077 458 1136 Sed
495 1077 619 1137 alterum
657 1077 727 1156 quid
763 1086 857 1138 restat
891 1087 926 1138 ut
960 1079 1147 1158 repellamus.
1194 1080 1342 1142 Vitruvius
1369 1082 1465 1155 enim,

311 1174 364 1253 qui
402 1175 433 1234 in
474 1176 689 1236 architecturae
722 1177 797 1236 libro
830 1177 971 1256 exemplis
1003 1177 1088 1237 urhis
1129 1179 1240 1239 llomae
1278 1179 1388 1252 utitur,
1421 1183 1463 1243 ad

312 1272 488 1352 Capitolium
527 1275 694 1335 Romanum
733 1275 894 1354 respiciens
932 1275 993 1336 lori
1030 1276 1137 1336 lunoni
1169 1276 1317 1338 Mineruae
1348 1279 1391 1340 ait
1426 1281 1462 1342 in

311 1372 509 1432 excelsissimo
531 1374 596 1434 loco
619 1375 728 1452 templa
751 1375 872 1448 exstrui,
895 1375 974 1434 unde
990 1375 1115 1436 maxima
1132 1377 1283 1438 moenium
1300 1396 1368 1456 pars
1383 1398 1461 1440 con-

312 1471 453 1550 spiciatur
463 1471 511 1551 ¹⁰).
550 1473 635 1544 Quod
659 1473 736 1534 idem
759 1473 790 1533 in
812 1474 980 1553 provinciis,
1004 1474 1053 1534 uhi
1081 1475 1137 1534 loci
1159 1483 1264 1535 natura
1280 1477 1373 1548 daret,
1395 1477 1461 1538 lao-

311 1579 373 1630 tum
411 1570 603 1649 ridemus¹¹).
661 1573 699 1631 ht
731 1581 833 1632 eontra
871 1581 917 1633 est
948 1572 1000 1632 uhi
1033 1573 1172 1654 Capitolia
1206 1573 1237 1633 in
1271 1575 1360 1653 plano
1392 1577 1460 1637 solo

309 1669 460 1729 aedificata
483 1670 677 1748 reperiamus.
719 1670 758 1730 lis
774 1671 853 1731 enim
877 1672 908 1731 in
924 1673 1050 1751 oppidis,
1073 1691 1148 1750 quae
1171 1672 1203 1732 in
1217 1673 1338 1753 planitie
1360 1684 1457 1746 erant,

308 1787 332 1828 e.
357 1786 384 1846 g.
407 1767 537 1846 Capuae,
571 1769 755 1840 Florentiae,
778 1771 929 1843 Corinthi,
953 1772 1110 1843 Nemausi,
1140 1772 1322 1834 vesontione
1345 1775 1401 1835 nisi
1422 1776 1457 1836 in

308 1867 428 1945 planitie
442 1867 554 1928 exstrui
566 1887 627 1928 uon
641 1877 792 1946 poteraut.
816 1871 886 1930 lnde
898 1881 996 1930 autem
1011 1871 1089 1949 quod
1099 1871 1273 1950 Capitolium
1285 1873 1457 1936 Romanum

307 1966 337 2026 in
362 1967 485 2026 editiore
506 1967 571 2027 loco
593 1967 677 2027 urbis
700 1978 883 2029 exstructum
907 1979 936 2029 et
959 1988 1045 2030 mons
1069 1970 1249 2048 Capitolinus
1264 1973 1302 2031 ita
1318 1992 1334 2032 a
1351 1983 1456 2035 natura

307 2065 442 2126 munitus
465 2075 528 2126 crat
551 2075 584 2126 ut
604 2067 755 2127 castellum
773 2068 921 2146 quoddam
945 2075 1120 2147 praestaret,
1139 2073 1250 2130 factum
1267 2080 1313 2131 est
1329 2079 1361 2132 ut
1375 2074 1454 2152 apud

307 2163 469 2243 scriptores
492 2165 564 2225 satis
586 2166 676 2226 rudes
699 2167 871 2228 vocabulum
895 2168 1030 2247 Capitolii
1053 2187 1141 2229 usum
1168 2169 1243 2230 arcis
1270 2171 1314 2230 rel
1342 2173 1453 2234 castelli

308 2262 531 2342 capesseret12).

390 2363 470 2435 Quae
494 2363 595 2443 opinio
611 2382 665 2444 per
688 2373 782 2425 toturn
807 2365 937 2426 medium
961 2385 1066 2426 aevum
1088 2367 1128 2426 ita
1151 2367 1287 2446 vulgaris,
1311 2377 1343 2430 ut
1362 2389 1451 2450 saepe

303 2455 430 2524 numero
452 2462 477 2524 ei
495 2463 742 2543 occurramus13),
765 2464 838 2524 adeo
854 2481 916 2526 non
938 2463 1053 2526 sublata
1076 2465 1280 2542 videturesse,
1297 2476 1330 2530 ut
1346 2471 1450 2530 etiam-

303 2687 381 2739 verba
401 2689 570 2752 intelligenda
589 2697 660 2754 sunt3
679 2689 727 2740 illu
745 2691 809 2739 enim
830 2691 960 2756 pertinere
978 2706 1027 2740 nou
1040 2691 1072 2740 ad
1088 2691 1243 2758 Capitolium
1254 2691 1447 2760 llliheritunum‚

303 2771 368 2835 quod
388 2771 526 2822 voluerunt
545 2771 669 2822 Braunins
689 2779 714 2822 et
732 2771 818 2835 Saglio
837 2772 908 2834 (vide
926 2769 1007 2835 infru)
1029 2773 1074 2822 sed
1093 2775 1123 2822 ad
1143 2775 1275 2839 quodlibet
1296 2777 1446 2844 Capitolium

302 2867 374 2902 nemo
394 2869 443 2903 non
463 2854 540 2904 videt.
566 2897 570 2905 .

372 2949 404 3010 ¹⁰)
424 2947 463 2997 vd.
489 2948 534 2998 lib.
557 2947 569 2998 Ι
591 2949 646 2999 el
675 2945 706 2998 cl.
725 2947 834 2998 Aristid.
854 2955 919 2998 orat.
943 2947 960 3012 l,
986 2950 1001 2999 6
1031 2949 1079 3010 (εἰς
1102 2949 1183 3012 Atel:
1212 2947 1259 3008 τὰς
1283 2946 1446 3021 ἀκροπόλεις

302 3025 403 3088 ἐξεῖλον
420 3029 477 3092 Διὶ,
501 3022 661 3100 arpocrati
681 3029 728 3080 τοῦ
748 3025 852 3085 παντὸς
870 3027 1046 3100 παράδειγμα
1064 3032 1221 3095 βλέποντες,
1248 3027 1290 3084 ὅτι
1313 3026 1348 3097 ἦν
1365 3031 1444 3094 udde

300 3110 353 3162 τῶν
370 3107 461 3183 ἄκρων
478 3114 526 3162 τοῦ
543 3108 647 3170 παντὸς
665 3108 781 3184 οἰκήτωρ
799 3119 825 3162 et
844 3121 909 3163 orat.
929 3112 950 3164 ll
971 3113 1001 3163 12
1020 3113 1071 3178 (εἰς
1085 3109 1231 3177 Ἀθηνᾶκ);
1254 3117 1300 3166 καὶ
1323 3117 1394 3168 εἰσὶν
1416 3119 1446 3168 αἱ

299 3187 391 3250 πόλεις
409 3191 482 3266 δῶρα
496 3189 623 3260 Ἀθηνᾶς
642 3189 708 3245 ὅθεν
726 3188 758 3259 δὴ
776 3195 821 3246 καὶ
838 3193 985 3262 πολιοῦχος
996 3190 1085 3246 ἅπασι
1104 3196 1236 3261 κέκληται·
1256 3195 1307 3255 τὰς
1320 3197 1350 3252 δὲ
1361 3197 1442 3270 ἄκρο-

300 3265 391 3331 πὸλεις
408 3275 510 3334 ἐξεῖλον
528 3270 596 3348 αὐτῇ
615 3276 732 3332 δικαίως.
1040 3349 1042 3356 Ι

368 3372 399 3430 ¹¹)
419 3370 496 3436 Quam
517 3371 619 3422 obrem
639 3370 793 3438 Capitolium
812 3371 951 3421 ascendere
970 3379 999 3422 ut
1022 3373 1051 3422 de
1071 3371 1197 3439 Capitolio
1220 3372 1331 3424 Romano
1355 3376 1392 3428 ita
1414 3377 1444 3428 de

299 3453 502 3518 provincialibus
520 3459 646 3518 tamquam
669 3455 733 3503 artis
752 3453 903 3503 vocabulum
923 3454 948 3503 in
968 3469 1016 3504 usu
1034 3461 1087 3517 est,
1114 3471 1135 3506 e.
1154 3471 1178 3518 g.
1202 3456 1234 3508 cl.
1258 3457 1379 3524 Cypriam.
1398 3459 1442 3511 lib.

299 3535 329 3586 do
342 3535 420 3602 lapsis
434 3535 525 3601 patrol.
540 3534 595 3586 Lat.
609 3552 662 3586 cur.
676 3535 760 3600 Migne
774 3535 826 3586 vol.
839 3534 874 3587 IV
887 3535 936 3585 col.
950 3535 1148 3587 asseruerint.
1162 3537 1228 3590 lllih.
1242 3554 1320 3604 supra
1331 3539 1442 3590 allatum.

369 3632 400 3693 ¹²)
420 3634 460 3684 vd.
480 3631 629 3699 hieronymi
649 3638 780 3682 comment.
803 3630 829 3680 in
847 3631 951 3682 Esaiam
968 3649 989 3682 c.
1011 3633 1053 3684 13:
1081 3648 1129 3684 arx
1147 3641 1240 3697 autem,
1262 3634 1288 3684 id
1311 3643 1351 3686 est
1370 3634 1442 3702 Cupi-

298 3716 388 3766 tolium
407 3715 480 3765 illius
498 3713 583 3776 urbis,
601 3712 661 3762 lsid.
681 3713 751 3778 Hisp,
770 3713 867 3778 Etym:
885 3729 941 3776 urx,
960 3713 977 3764 i.
997 3729 1017 3764 e.
1037 3713 1198 3778 Capitolium.

366 3810 399 3872 ¹³)
419 3824 439 3858 ο.
459 3825 482 3872 g.
497 3807 651 3873 Capitolium
670 3823 715 3873 pro
735 3808 843 3858 castello
861 3808 997 3858 adhibetur
1015 3810 1046 3858 uh
1059 3807 1183 3859 Adomaro
1197 3809 1339 3862 Cabanonsi
1351 3813 1440 3865 histor.

296 3891 341 3941 lib.
360 3889 392 3940 lll
412 3890 457 3940 sub
477 3906 498 3940 a.
520 3889 585 3938 1022
605 3890 678 3954 (apud
699 3889 826 3939 Pertzium
845 3889 912 3940 Mon.
931 3889 965 3942 Vl
988 3889 1098 3956 p.145):
1123 3891 1195 3940 Tunc
1212 3893 1335 3958 temporis
1358 3909 1439 3946 comat

297 3972 492 4036 Andoguvonsis
511 3971 599 4034 Foloo,
619 3987 674 4020 oum
693 3971 826 4022 manifeste
845 3987 966 4038 superero
985 3972 1102 4038 nequiret
1119 3972 1257 4024 Arbortnm
1276 3975 1440 4027 cenomannis

296 4055 425 4119 comitem,
450 4054 509 4103 dolo
528 4053 605 4104 acciit
625 4069 680 4103 eum
703 4055 730 4104 in
748 4055 897 4121 capitolium
916 4054 1058 4104 Sanctonae
1080 4055 1152 4105 urbis
1175 4057 1247 4121 quasi
1270 4057 1296 4108 iu
1320 4057 1438 4109 beneficio

294 4139 383 4188 urbem
402 4137 481 4203 ipsum
500 4136 525 4186 ei
543 4137 702 4187 concederet.
738 4137 772 4187 Et
790 4139 919 4187 incautum
939 4143 966 4186 et
983 4136 1047 4186 nihil
1061 4137 1118 4186 moli
1131 4138 1303 4204 suspicantem
1316 4141 1437 4191 inclusum

294 4219 416 4287 capitolio
435 4215 541 4268 nolendo
561 4233 616 4269 oum
636 4219 711 4284 oepit.
748 4219 797 4268 Pro
817 4218 928 4268 ecclesie
947 4217 1097 4268 vocabulum
1118 4221 1235 4286 usurpari
1250 4223 1363 4287 reperies
1376 4223 1437 4289 apud

293 4302 421 4352 Portzium
441 4301 509 4350 Mon.
529 4300 578 4350 rol.
599 4299 654 4352 Vlll
672 4317 695 4366 p.
715 4300 773 4363 383,
786 4299 819 4349 43
839 4300 895 4362 (sub
914 4315 936 4349 u.
959 4300 1045 4360 1131);
1066 4299 1207 4364 Gregorius
1220 4302 1300 4353 multo
1317 4305 1437 4355 comitatu

293 4384 468 4450 episcoporum
486 4381 607 4433 Leodium
632 4381 716 4445 venit3
744 4382 781 4432 iti
868 4397 947 4447 usque
973 4383 1004 4432 ad
1029 4383 1176 4450 capitolium
1199 4385 1282 4436 sancti
1309 4385 1436 4437 Lamborti

291 4467 416 4530 ascendit,
435 4465 536 4517 missam
555 4465 676 4516 celebrat.
