3180 5236
765 429 986 495 ..13-

302 615 347 670 est
363 608 487 679 medius,
511 627 526 669 a
543 609 643 669 dextra
660 609 897 680 Minariacum,
922 608 1000 688 galea
1017 615 1047 668 et
1062 607 1165 687 aegide
1181 608 1283 669 induta
1300 623 1454 686 manuque

300 709 414 770 hastam
427 715 555 785 gestans,
571 729 586 768 a
603 708 721 769 sinistra
736 709 824 770 liiaaa
842 716 901 768 stat
918 709 1084 787 pharetrata
1102 715 1132 768 et
1147 708 1270 780 hastata,
1286 725 1347 766 non
1360 706 1452 765 luno.

301 807 347 867 En
371 807 462 886 igitur
484 808 541 868 hoc
562 808 785 880 testimonium,
813 810 885 869 deos
909 807 1090 887 Capitolinos
1111 807 1146 868 ab
1167 807 1285 867 Etruria
1312 806 1452 866 adrectos

301 905 341 965 ita
365 923 398 967 se
422 906 619 976 coniunxisse,
643 915 676 966 ut
692 907 801 968 Romae
824 907 898 968 lovis
922 925 936 966 a
960 905 1092 985 partibus
1116 913 1208 970 staret
1228 905 1310 972 luno.
1334 904 1452 984 Capuae

301 1001 406 1066 Diana!
431 1003 561 1066 Minime.
599 1003 774 1067 tranimur
796 1014 908 1066 taceam
933 1005 1046 1066 Tuscos
1070 1021 1196 1083 regnum
1220 1005 1259 1064 ita
1283 1003 1452 1064 extendisse

300 1102 378 1175 olim,
404 1110 437 1163 ut
452 1104 495 1163 vel
512 1103 668 1182 Campanis
684 1103 878 1184 imperarent,
902 1104 1034 1164 nondum
1060 1105 1130 1163 satis
1154 1111 1301 1175 constare,
1325 1103 1450 1163 triadem

300 1199 493 1279 Capitolinam
525 1221 559 1262 ax
588 1202 704 1263 Etruria
733 1203 877 1280 originem
908 1201 1025 1263 duxisse
1049 1202 1137 1262 otttr.
1159 1200 1298 1262 Muellcro
1329 1209 1453 1262 auctore

299 1299 392 1378 magis
414 1300 540 1360 credunt
556 1300 611 1361 viri
626 1301 704 1362 docti
728 1319 817 1379 quam
833 1297 970 1380 probant.
1006 1300 1092 1372 Quod
1108 1300 1188 1360 enim
1204 1299 1327 1360 lunonis
1349 1300 1450 1360 locum

299 1397 330 1458 io
347 1396 446 1458 tabula
461 1407 543 1459 tenet
558 1399 660 1472 Diana,
678 1417 763 1460 causa
779 1399 915 1460 facillima
932 1399 1094 1460 intellectu.
1130 1399 1352 1479 Saepenumero
1368 1398 1450 1460 enim

299 1497 372 1557 alios
396 1497 492 1559 cultus
509 1517 576 1559 cum
592 1497 758 1578 Capitolino
783 1498 958 1559 coniunctos
980 1497 1167 1577 repensam).
1204 1499 1286 1570 Quae
1301 1496 1451 1576 copulatio

299 1597 475 1676 plerumque
497 1598 610 1676 pendet
632 1617 647 1657 a
672 1597 727 1658 loci
750 1606 853 1658 natura
877 1598 923 1657 vel
946 1615 1032 1658 causa
1062 1605 1108 1656 est
1134 1595 1293 1674 singularis
1315 1595 1395 1656 velut
1416 1595 1450 1655 in

299 1695 413 1755 colonia
438 1695 611 1756 Ursonensi.
656 1696 706 1756 Sic
735 1697 824 1757 etiam
851 1696 1088 1774 intelligendum,
1119 1697 1196 1774 quod
1226 1703 1326 1756 nostra
1349 1694 1449 1756 tabula

298 1793 390 1854 Diana
414 1812 468 1873 pro
487 1795 603 1858 lunone
619 1795 703 1856 obvia
719 1796 766 1869 lit3
788 1795 835 1856 illa
859 1796 935 1855 enim
953 1796 1068 1874 Capuae
1084 1795 1161 1854 etin
1177 1795 1331 1874 Campania
1349 1793 1451 1871 magni

299 1893 430 1954 nominis
454 1894 566 1954 cultum
597 1893 724 1954 habebat
754 1903 783 1955 et
810 1895 840 1954 in
870 1902 973 1955 monte
995 1895 1124 1954 Tifatino
1153 1897 1263 1973 templo
1291 1893 1449 1971 magnifico

297 1989 491 2072 utebaturss).
526 2027 568 2036 —-
597 1993 742 2067 Quoniam
774 1993 972 2054 Romanorum
1002 2002 1096 2054 aetate
1130 1992 1245 2072 Capuae
1273 1993 1450 2072 Capitolium

298 2090 391 2153 luisse
413 2090 690 2163 demonstravimus,
713 2099 805 2152 restat
827 2099 859 2152 ut
875 2091 975 2171 paucis
999 2109 1055 2170 qna
1075 2089 1249 2150 condicione
1272 2091 1343 2151 rrrbs
1358 2090 1450 2150 fuerit

297 2189 493 2268 inquiramus.
538 2191 614 2267 Ager
636 2191 802 2269 Campanus
825 2192 955 2250 secundo
978 2189 1053 2251 bello
1077 2189 1190 2250 Punico
1213 2207 1280 2250 cum
1305 2187 1448 2268 oppidum

299 2305 315 2346 a
331 2287 472 2348 Romanis
489 2296 687 2369 expugnatum
712 2297 792 2350 esset
807 2289 923 2349 civitate
946 2287 1086 2349 dissoluta
1104 2288 1238 2366 publicus
1254 2305 1284 2366 p.
1301 2289 1335 2349 R.
1352 2291 1449 2349 factus

299 2393 351 2446 cst*
366 2386 415 2456 ita,
439 2393 473 2448 ut
493 2395 564 2448 anta
586 2387 732 2448 coloniam
755 2408 790 2448 eo
806 2388 964 2448 deductam
982 2387 1080 2466 Capua
1097 2395 1216 2448 centurn
1234 2388 1449 2467 qninquaginta

300 2487 362 2544 lere
386 2501 480 2544 annos
503 2485 535 2546 in
558 2487 624 2564 pagi
648 2487 823 2546 condicione
845 2495 1023 2548 aversaretur.
1062 2486 1187 2546 Deduxit
1210 2496 1307 2546 autem
1333 2487 1448 2565 primus

299 2601 335 2642 co
357 2583 506 2644 coloniam
522 2584 683 2664 Caesar⁴²),
705 2603 795 2664 quam
819 2586 948 2645 subinde
963 2587 1112 2664 Augustus
1129 2585 1237 2663 aliique
1252 2585 1449 2665 imperatores

300 2682 568 2759 suppleverunt⁴⁸l.
605 2684 677 2744 Erat
691 2685 781 2762 igitur
804 2701 861 2745 una
885 2703 920 2745 ex
937 2685 1060 2746 coloniis
1077 2685 1228 2745 militum‘
1244 2686 1447 2746 Romanorum

299 2789 394 2841 aetate
422 2781 564 2860 oppidum
593 2783 675 2843 valde
710 2791 830 2844 auctum
863 2784 1054 2844 multitudine
1088 2784 1242 2843 hominum
1281 2783 1448 2851 abundasse

300 2879 475 2954 videtur⁴⁴).
514 2881 601 2942 Certe
622 2881 771 2942 Ciceronis
795 2891 892 2942 aetate
915 2883 999 2961 quasi
1023 2890 1111 2960 ceput
1133 2882 1299 2960 provinciae
1323 2884 1447 2943 Romam

295 3005 560 3058 secularitatis.
597 3007 716 3059 Pluribus
742 3010 771 3060 dc
794 3011 840 3059 hac
862 3007 950 3059 tabula
978 3011 1121 3075 disputavit
1146 3009 1390 3061 Raoul·ilochettius
1419 3011 1445 3060 in

298 3090 382 3139 altera
410 3087 570 3140 effossionem
595 3091 653 3157 Cup.
679 3092 817 3154 relatione,
843 3107 915 3157 quam
939 3093 1051 3142 inscruit
1070 3092 1135 3141 libro
1160 3093 1203 3157 qui
1225 3082 1447 3143 dicitur'lournal

298 3172 342 3222 des
361 3172 471 3225 Savants
489 3187 511 3222 a.
534 3173 597 3224 1853
617 3190 640 3238 p.
661 3173 767 3238 280sqq.

366 3254 399 3315 ⁴⁰)
418 3270 440 3304 e.
464 3271 488 3320 g.
517 3255 543 3304 io
568 3254 621 3304 Col.
648 3253 714 3304 Iulia
742 3255 824 3304 Cenit.
853 3254 943 3306 Urson.
974 3254 1028 3304 lovi
1064 3254 1152 3304 lunoni
1180 3253 1311 3304 Minervae
1343 3255 1447 3306 additur

298 3335 382 3384 cultus
402 3336 520 3386 Veneris.
556 3337 638 3386 Causa
657 3337 721 3401 qood
741 3337 828 3386 Venus
843 3337 883 3385 ibi
901 3345 972 3386 tanto
991 3338 1087 3385 honore
1106 3337 1188 3386 utitur
1206 3353 1254 3386 non
1274 3345 1314 3386 est
1338 3335 1446 3388 fortuita

297 3418 342 3466 sed
362 3417 518 3480 illustratur,
545 3420 567 3468 si
587 3425 746 3483 reputamus,
774 3426 892 3482 quantum
912 3419 1085 3469 venerationis
1105 3434 1167 3482 gens
1185 3417 1250 3468 iulia
1270 3419 1363 3469 Veneri
1381 3427 1445 3470 tam-

296 3515 369 3563 quam
389 3500 464 3550 matri
484 3499 609 3562 genetrici
630 3499 760 3549 obtulerit.
799 3500 857 3548 Alia
877 3501 897 3548 si
920 3501 993 3550 voles
1017 3501 1130 3564 exempla
1151 3516 1206 3549 cum
1229 3501 1254 3549 in
1278 3515 1383 3566 corpore
1407 3502 1444 3550 io-

296 3582 385 3645 script.
405 3581 461 3650 Lep.
485 3590 536 3632 tum
559 3583 583 3632 in
608 3582 705 3634 tabulis
728 3581 804 3646 pictis
829 3582 941 3646 reperies
965 3583 1079 3646 plurima.
1121 3581 1250 3633 Nonnulla
1275 3583 1353 3633 habos
1379 3585 1445 3647 apud

297 3660 458 3712 0.1aunrum
480 3663 565 3730 Symb.
591 3665 660 3716 arch.
679 3676 790 3714 excursu
814 3664 904 3714 altero.
943 3664 981 3713 Eu
1008 3665 1098 3729 quibus
1117 3680 1167 3714 non
1186 3665 1267 3714 solum
1286 3667 1317 3714 ad
1335 3666 1445 3716 triadem

298 3741 378 3807 Capit.
398 3760 473 3798 unum
491 3752 535 3794 aut
555 3745 641 3808 plures
659 3745 721 3796 deos
741 3760 815 3809 saepe
833 3746 973 3796 accessisse
993 3747 1037 3795 sed
1057 3747 1135 3811 ipsam
1148 3746 1185 3796 ita
1199 3753 1374 3796 commutatam
1387 3762 1444 3796 esse

297 3824 421 3886 videmus,
444 3832 472 3875 ut
495 3826 537 3875 vel
555 3824 669 3889 luppiter
687 3826 790 3876 cederet
812 3827 916 3891 eiusque
940 3827 1022 3876 locum
1040 3826 1108 3876 alius
1133 3827 1209 3889 deus,
1236 3843 1257 3877 c.
1277 3845 1301 3892 g.
1322 3829 1444 3878 Hercules

296 3905 519 3967 scailmannus,
548 3907 682 3958 obtineret.
727 3908 778 3958 lior
800 3923 882 3958 secum
910 3915 1031 3973 reputans
1050 3924 1098 3973 quo
1118 3910 1190 3958 modo
1208 3911 1264 3974 quis
1282 3911 1361 3960 aliter
1378 3911 1444 3960 iudi-

297 4001 356 4036 care
375 3990 458 4051 possit
476 4003 549 4052 quam
566 3988 675 4038 triadem
695 3989 773 4050 Capit.
794 3990 964 4040 imitationem
982 3991 1101 4040 habuisse
1121 4005 1168 4052 ego
1187 4007 1236 4040 non
1255 3993 1337 4042 rideo.
1366 4017 1374 4026 -

364 4068 395 4131 ⁴¹)
415 4069 529 4120 nauus.
547 4067 565 4118 Ι.
584 4067 613 4120 R.
632 4068 662 4120 N.
682 4070 755 4120 3575.

364 4151 398 4213 ⁴¹)
417 4150 473 4206 Lib.
493 4151 541 4200 eol.
561 4152 599 4200 ed.
619 4150 720 4204 Lochm.
740 4167 762 4216 p.
783 4152 901 4215 231,1e;
919 4152 1022 4204 Suetoo.
1042 4153 1113 4203 Caes.
1134 4154 1174 4204 81.

358 4233 396 4292 ⁴⁸)
416 4231 531 4286 Modus.
550 4231 568 4282 1.
588 4231 615 4284 a.
633 4231 665 4284 N.
689 4233 766 4299 prael.
792 4235 833 4284 tit.
854 4235 926 4300 Cap,
955 4235 1055 4300 Zumpt.
1083 4244 1242 4287 commentat.
1261 4237 1342 4302 epigr.
1364 4236 1444 4288 vall

297 4327 320 4378 p.
339 4312 398 4364 304.
417 4314 474 4364 353.

364 4395 398 4457 “)
417 4393 496 4445 orata.
517 4393 658 4446 Muellerus
677 4396 733 4446 Etr.
752 4395 778 4446 1¹
797 4413 819 4462 p.
844 4397 888 4446 165
917 4395 1084 4462 frequentiam
1108 4405 1134 4448 et
1152 4398 1223 4448 urhis
1246 4400 1443 4464 magnitudinem

294 4490 328 4536 ,ox
345 4477 520 4531 demiratione
537 4477 704 4533 Etruscorum
724 4476 864 4543 proiectum
883 4493 939 4530 esse
958 4484 1059 4542 censen
1078 4481 1122 4530 sed
1140 4487 1169 4530 ut
1179 4481 1287 4546 plurima
1300 4497 1363 4548 qaae
1376 4482 1442 4534 libro
