3180 5236
772 411 995 474 „14-

308 591 410 672 Neque
446 585 534 670 igitur
570 591 675 668 dignus
709 598 755 650 est
790 589 840 670 qui
875 589 986 650 nostris
1024 586 1209 668 temporibus
1245 586 1329 648 testis
1364 593 1480 666 utque

307 698 410 752 auctor
425 689 615 762 adhibeatur3
638 688 778 749 tamensi
795 707 851 767 qua
867 687 899 748 in
915 705 951 748 eo
971 687 1034 748 laus
1050 693 1105 758 est,
1121 699 1154 746 ea
1171 693 1225 758 est,
1242 685 1322 764 quod
1338 685 1479 764 primus

309 788 517 869 quaestionem
534 786 638 848 movit.
681 785 773 847 Multo
796 786 902 847 melior
924 785 1138 866 expolitiorquo
1159 792 1205 845 est
1219 803 1260 844 ea
1276 783 1477 854 dissertatio,

308 905 397 968 quam
421 887 528 948 Castan
551 903 629 948 anno
655 881 737 946 1869
760 885 795 946 de
818 885 966 964 Capitoliis
989 885 1186 962 conscriptam
1215 883 1286 944 actis
1309 881 1473 943 archaeol.

236 1065 240 1072 ι
307 987 443 1048 Academ.
462 984 610 1047 Sorbonn.
626 984 752 1046 inseruit
762 981 808 1060 19).
856 983 984 1062 Optime,
1009 1001 1047 1044 ne
1063 983 1167 1059 longus
1183 981 1237 1041 sim
1250 981 1282 1042 in
1297 979 1472 1052 laudando,

307 1083 356 1146 ille
378 1086 423 1148 vir
447 1085 554 1146 doctus
578 1083 754 1163 Capitolium
778 1078 856 1161 quod
881 1081 937 1142 fuit
954 1081 1135 1143 vesontione
1151 1079 1356 1158 pertractavit3
1378 1087 1413 1138 at
1428 1079 1474 1140 in¹

307 1179 415 1246 ceteris
431 1184 521 1246 rebus
537 1191 596 1244 lam
615 1182 705 1243 mulla
722 1182 848 1260 neglexit
867 1199 921 1242 nec
933 1199 1000 1241 raro
1016 1180 1131 1248 errarit,
1155 1187 1189 1238 ut
1204 1178 1289 1238 nobis
1306 1176 1469 1257 quaestio-

308 1299 377 1345 nem
413 1283 520 1343 iterum
557 1279 637 1342 adire
671 1297 732 1340 non
769 1295 1020 1359 supervacaneum
1049 1276 1257 1352 videreturw).
1314 1277 1469 1355 Sequitur·

307 1381 451 1462 Saglionis
484 1389 626 1442 tractatus
650 1380 680 1440 in
710 1379 851 1440 thesauro
874 1377 1044 1458 antiquitat.
1069 1376 1169 1438 Graec.
1193 1385 1222 1436 et
1245 1376 1330 1436 Rom.
1356 1373 1413 1435 vol.
1432 1375 1466 1434 li

308 1480 432 1542 lasc.Vl
455 1499 477 1541 s.
503 1500 529 1540 v.
574 1479 630 1552 Qui
662 1497 730 1540 cum
761 1495 877 1539 summa
908 1473 1059 1556 diligentia
1083 1485 1116 1537 ut
1146 1475 1213 1536 alibi
1245 1475 1289 1536 sic
1311 1475 1464 1535 hocloco

310 1597 516 1659 quaecumque
538 1579 613 1638 scitu
631 1579 717 1654 digna
743 1578 913 1638 viderentur
936 1584 1121 1654 congereret,
1144 1583 1244 1634 lamen
1269 1591 1344 1652 quae
1361 1575 1462 1633 Brau-

310 1679 377 1739 uius
410 1687 440 1738 et
473 1678 580 1738 Castan
604 1675 793 1755 profecerant
815 1676 854 1736 ita
879 1674 1091 1753 conglutinavit
1115 1691 1242 1752 veraque
1265 1672 1346 1732 falsis
1370 1691 1459 1732 corn·
1570 1697 1571 1730 t

309 1777 442 1850 miscuit,
476 1785 510 1836 ut
547 1785 650 1836 nostro
685 1776 752 1836 iure
780 1795 848 1836 eum
884 1775 1032 1854 negligere
1066 1773 1225 1852 possimus.
1282 1771 1331 1832 Sic
1365 1771 1460 1849 igitur
1570 1795 1571 1810 2

308 1893 355 1937 res
378 1895 410 1936 se
435 1874 532 1943 hahet,
555 1893 622 1936 cum
647 1891 700 1934 nos
724 1873 931 1954 quaestionem
955 1873 1124 1951 aggressuri
1147 1889 1261 1932 sumus.
1300 1869 1458 1930 Materiam

309 1984 409 2036 autem
432 1973 475 2034 sic
502 1971 673 2046 divisimus,
706 1982 739 2033 ut
768 1973 897 2051 primum
921 1990 1075 2050 ageremus
1102 1971 1137 2030 de
1166 1968 1315 2049 Capitoliis
1343 1967 1458 2036 ltaliae,

307 2073 413 2136 deinde
436 2071 594 2149 Hispaniae
617 2079 647 2132 et
668 2059 794 2144 Africae,
817 2082 880 2134 tum
897 2071 1036 2132 Graeciae
1052 2067 1192 2130 Thraciae
1208 2069 1302 2140 Asiae,
1326 2067 1459 2147 denique

308 2172 414 2234 Calliae
437 2181 467 2234 et
490 2170 671 2232 Germaniae.

441 2432 500 2514 11.
543 2432 605 2514 na
634 2429 867 2532 capitoliis
895 2428 1079 2530 trapam
1106 2427 1311 2510 nomam.

783 2648 810 2710 1.
845 2644 969 2710 Ituna.

821 2810 940 2882 Capua.

396 2945 549 3008 Tiberium
580 2963 647 3006 cum
678 2963 756 3006 anno
779 2964 806 3024 p.
831 2945 898 3006 Chr.
922 2943 962 3004 26
991 2943 1084 3006 Roma
1116 2941 1297 3006 discessurus
1328 2945 1453 3026 Capreas

308 3064 341 3105 se
365 3046 513 3106 conferret
535 3061 653 3104 causam
677 3043 867 3122 profectionis
895 3044 1011 3122 Capuae
1038 3043 1213 3122 Capitolium
1241 3063 1272 3106 se
1301 3045 1452 3108 dedicatu-

308 3161 374 3204 rum
407 3142 621 3222 interposuisse
649 3143 808 3204 Suetonius
835 3141 980 3216 relert21).
1024 3142 1106 3204 ldem
1130 3143 1248 3204 Tacitus
1279 3145 1315 3206 de
1343 3144 1452 3205 Tiberii

308 3241 491 3322 proiectione
515 3241 610 3302 verba
626 3241 757 3302 facturus
781 3240 1052 3317 commemorat¹¹).
1096 3243 1176 3302 lnter
1199 3261 1249 3316 ea,
1277 3259 1352 3322 quae
1375 3259 1451 3304 anno

309 3479 372 3530 adoo
392 3494 440 3528 non
459 3477 490 3527 ad
509 3492 562 3528 ram
580 3475 725 3542 pertinent,
751 3485 780 3528 at
802 3493 848 3544 pro
866 3477 975 3528 saburra
994 3473 1025 3528 ad
1047 3493 1177 3530 numerum
1195 3477 1342 3545 paginarum
1360 3493 1463 3544 augea·-

273 3628 276 3633 Ι
310 3561 368 3611 dum
387 3560 523 3611 videantur
544 3574 607 3610 osse.
1238 3597 1241 3604 .
1347 3625 1348 3628 Ἴ

320 3664 323 3670 ’
377 3643 409 3706 ¹⁹)
429 3642 473 3692 Sic
492 3643 557 3693 euim
576 3643 741 3694 inscribitur:
760 3641 795 3693 Lo
814 3641 932 3708 Capitolo
954 3643 985 3694 do
1003 3643 1126 3695 Vesontio
1145 3650 1171 3693 et
1189 3643 1230 3694 les
1248 3643 1378 3710 Capitolos
1393 3660 1449 3710 pro·

308 3725 432 3778 vinciaux
450 3726 482 3774 du
501 3728 590 3775 monde
607 3725 715 3776 romain.
1417 3730 1419 3734 '

376 3808 409 3870 ²⁰)
434 3807 591 3874 Quamquam
613 3809 680 3858 enim
708 3807 890 3874 inscriptiones
918 3807 1049 3872 respexit,
1079 3814 1163 3857 tamen
1190 3805 1302 3858 Graecas
1328 3809 1449 3871 neglexit,

308 3889 414 3940 Renieri
441 3906 533 3956 corpus
556 3889 750 3957 inscriptionum
775 3888 857 3941 Afric.
877 3907 926 3940 nou
948 3891 1002 3956 ipse
1027 3889 1151 3955 perlegit,
1180 3907 1226 3956 quo
1250 3889 1344 3941 iactum
1366 3897 1408 3942 cst
1424 3894 1451 3940 ut

310 3972 496 4038 Capitoliorum
516 3970 619 4023 Africae
638 3981 665 4022 et
682 3972 761 4022 Asiae
780 3973 903 4022 nonnulla
921 3972 1035 4037 exempla
1056 3971 1193 4022 omitteret.
1241 3971 1243 3976 ’

377 4051 411 4115 ¹¹)
430 4052 490 4104 Vita
503 4051 558 4102 Tit.
572 4069 594 4104 c.
607 4054 653 4103 40:
676 4053 815 4116 Peragrata
833 4053 1051 4118 Campania,.cum
1070 4052 1169 4118 Capuae
1187 4053 1349 4119 Capitolium,
1375 4053 1459 4105 Nolae

308 4135 429 4201 templum
443 4133 561 4198 Amasti,
580 4151 652 4200 quam
672 4129 772 4186 causam
785 4133 954 4200 profectionis
965 4137 1155 4200 praetenderat,
1173 4137 1326 4199 dedicasset,
1344 4137 1450 4203 Capreas

310 4233 338 4268 ss
357 4215 474 4268 contulit.
1210 4255 1213 4260 .
1338 4218 1340 4222 '

319 4343 322 4348 .
378 4297 409 4362 ²²)
427 4299 519 4350 Annal.
531 4299 576 4351 lib.
591 4298 633 4365 tv,
652 4317 673 4351 e.
687 4300 732 4350 bl:
751 4298 821 4349 luter
832 4313 896 4363 quoe
909 4299 950 4347 diu
968 4298 1091 4349 meditato
1110 4300 1261 4364 prolatoque
1277 4301 1378 4366 saepius
1396 4315 1454 4351 oon»,

310 4381 372 4433 silio
396 4383 496 4432 tandem
514 4382 609 4434 Caesar
632 4382 658 4432 iu
682 4381 855 4447 Campaniam,
881 4379 965 4446 spacio
989 4381 1121 4432 dedicandi
1143 4382 1236 4447 templa
1259 4385 1324 4448 apud
1347 4383 1449 4449 Capuan

310 4463 377 4531 Iovi,
396 4465 461 4532 apud
477 4462 571 4520 Nolam
590 4466 707 4529 Augusto
726 4465 771 4516 sed
790 4469 878 4514 certus
895 4465 983 4530 procul
1001 4467 1070 4516 urbe.
1082 4466 1182 4530 degere.
