3180 5236
750 336 969 398 ..48-

290 511 409 573 Patauio
438 512 473 572 ad
500 511 712 590 Apollodorum
735 512 848 574 Africae
875 511 1084 593 proconsulem
1116 511 1246 574 edictum
1269 512 1437 572 miserunt:

289 610 396 671 aedes
422 609 575 670 illicitis
597 611 709 672 rebus
729 629 865 672 vacuas
892 619 1105 672 nostrarum
1132 610 1321 672 beneficio
1348 629 1438 670 san-

290 709 464 770 ctionum
487 710 638 789 nequis
666 719 824 771 conetur
851 719 1035 783 everterc3
1064 710 1300 773 deceruimus
1323 709 1435 776 enim.

289 816 328 870 ut
360 807 631 871 aedificiorum
666 808 813 888 quidem
847 809 899 872 sit
931 809 1078 886 integer
1111 817 1252 880 status,
1287 808 1317 868 si
1349 808 1436 886 quis

289 926 371 967 vero
401 906 601 968 sacrificio
634 908 755 968 fuerit
788 909 1071 988 deprehensus,
1107 909 1143 968 iu
1176 927 1258 968 eum
1292 907 1436 983 legibus

289 1003 574 1080 viaticulum).
630 1006 715 1067 Unde
749 1007 819 1068 satis
853 1025 1003 1086 superque
1037 1025 1179 1086 apparere
1209 1006 1331 1074 videtur,
1367 1023 1434 1065 cum

289 1103 395 1181 pagani
425 1103 483 1164 diis
515 1104 678 1165 sacrificare
710 1105 792 1166 vetiti
825 1115 925 1168 esseut
958 1107 1067 1186 templa
1099 1105 1278 1184 aliquamdiu
1306 1103 1437 1182 patuisse

288 1201 344 1274 ita,
375 1210 408 1262 ut
435 1221 586 1264 unacum
616 1203 722 1264 statuis
750 1204 916 1282 ceterisque
945 1204 1130 1266 ornamentis
1159 1203 1254 1264 musei
1284 1211 1436 1280 tamquam

289 1300 417 1378 speciem
440 1300 624 1362 exhiberent.
669 1301 790 1362 Minime
813 1311 912 1362 autem
938 1303 1091 1373 hahemus,
1121 1303 1200 1364 unde
1228 1301 1287 1362 iam
1315 1310 1379 1362 tunt
1402 1319 1435 1360 ea

290 1399 384 1458 deleta
410 1418 463 1460 seu
490 1399 521 1459 iu
548 1399 685 1460 ecclesias
708 1399 888 1462 Christianus
911 1419 994 1462 versa
1020 1420 1085 1461 csse
1112 1400 1291 1478 colhgamus.
1333 1397 1438 1475 Neque

290 1497 384 1558 multo
406 1506 474 1577 post
496 1498 637 1560 Arcadius
660 1499 811 1558 lionorins
834 1498 1017 1560 Theodosius
1048 1519 1075 1559 a.
1099 1499 1160 1558 407
1187 1499 1281 1558 Roma
1305 1497 1435 1558 edictum

289 1595 436 1656 dederunt
456 1596 547 1676 idque
569 1615 648 1658 auno
670 1596 807 1676 sequenti
832 1597 1007 1676 Carthagine
1029 1597 1305 1676 promulgaverunt:
1330 1595 1433 1656 aedi-

289 1694 380 1754 ficia
403 1695 481 1774 ipsa
505 1696 744 1775 templorum,
774 1715 866 1776 quae
895 1697 932 1756 in
955 1695 1176 1758 civitatibus
1204 1696 1258 1756 vel
1282 1693 1435 1775 oppidis

289 1793 348 1852 vel
371 1803 478 1854 extra
502 1795 634 1876 oppida
658 1803 758 1868 suut,
783 1795 824 1856 ad
851 1814 952 1856 usum
970 1795 1159 1876 publicum
1184 1795 1434 1865 vindicentur,

289 1909 372 1952 arae
394 1891 488 1952 locis
512 1893 692 1955 omnihus
724 1894 976 1954 destruantur
1008 1895 1203 1974 omniaque
1230 1894 1369 1972 templa
1396 1892 1435 1952 in

288 1991 602 2068 possessionibus
625 1993 766 2053 nostris
796 1993 837 2052 ad
861 2011 948 2052 usus
977 1981 1239 2054 accommodos
1262 1991 1435 2052 transle-

289 2095 443 2162 rautur,
476 2089 615 2150 domini
650 2090 850 2150 destruere
884 2088 1131 2170 cogantur¹⁸⁰).
1177 2091 1250 2151 Cum
1281 2109 1349 2150 vero
1375 2089 1434 2149 iam

289 2186 439 2249 llonorius
463 2197 493 2248 et
514 2187 699 2250 Theodosius
722 2207 801 2250 anno
824 2187 887 2250 412
916 2191 1121 2270 praeciperent
1152 2198 1184 2250 ut
1211 2207 1300 2250 omne
1328 2206 1435 2248 aurum

289 2293 318 2346 et
340 2294 496 2364 argentum
517 2287 771 2366 apossessoribus
787 2288 993 2365 Carthaginem
1015 2287 1245 2367 inferretur¹⁸¹)‚
1268 2289 1345 2350 iutra
1370 2287 1435 2347 illos

288 2401 383 2446 annos
407 2385 581 2465 Capitolium
611 2387 825 2448 incommune
853 2387 1020 2465 provinciae
1042 2387 1158 2449 Africae
1187 2386 1334 2448 aerarium
1363 2401 1440 2446 oon*

290 2501 407 2543 versum
430 2503 496 2544 esse
519 2484 544 2544 si
566 2501 626 2544 uon
650 2491 764 2545 certum
791 2493 821 2546 at
850 2485 909 2546 veri
937 2485 1119 2548 simillimum
1143 2485 1269 2546 videtur.
1303 2520 1344 2528 -
1377 2485 1438 2549 Re-

288 2581 354 2642 latis
377 2587 478 2642 autom
502 2600 576 2660 quae
600 2600 779 2661 quamquam
803 2590 884 2644 certo
907 2583 972 2644 sciri
997 2590 1150 2663 nequeunt
1172 2591 1272 2644 tamen
1294 2583 1436 2662 prohabi-

266 2679 370 2741 ·litate
399 2697 499 2742 carere
522 2698 583 2741 non
607 2681 744 2742 ridentur
767 2683 873 2761 pedem
896 2683 1061 2744 relerentes
1084 2682 1252 2744 Castanium
1276 2681 1312 2744 ad
1335 2689 1435 2761 partes

288 2789 444 2852 'vocemuS‚
479 2779 532 2858 qui
560 2780 700 2860 quoniam
731 2781 872 2860 Capitolia
901 2782 999 2842 omnia
1029 2800 1064 2841 ex
1097 2781 1314 2860 imperatorum
1342 2779 1434 2857 gratia

289 2883 377 2956 atque
400 2877 575 2938 liberalitate
598 2879 771 2958 provenisse
794 2879 848 2939 sibi
865 2878 1010 2958 persuasit
1033 2899 1068 2940 eo
1087 2879 1231 2940 deductus
1254 2885 1299 2938 est
1314 2886 1347 2938 ut
1364 2878 1435 2938 Car-

287 2973 475 3053 thaginiense
497 2975 532 3036 ab
555 2975 687 3055 Augusto
710 2977 900 3038 aedificatum
924 2997 988 3039 esse
1011 2976 1216 3052 censerem).
1262 2976 1341 3048 Quas
1364 2995 1434 3038 cou-

286 3072 415 3136 iecturas
448 3093 516 3136 cum
550 3076 674 3136 minime
707 3076 755 3137 ille
788 3076 957 3155 probaverit
989 3077 1042 3138 sed
1072 3094 1235 3154 suspensas
1269 3075 1433 3154 reliquerit,

287 3171 465 3250 prudentius
493 3173 579 3233 uobis
607 3175 713 3234 lacturi
742 3175 877 3235 videmur
905 3175 930 3234 si
960 3174 1000 3234 illi
1027 3193 1065 3235 ue
1087 3175 1189 3234 leviter
1212 3174 1300 3234 fidem
1322 3172 1432 3234 hahea-

288 3287 355 3329 mus
379 3271 555 3331 cavebimus.
601 3273 641 3331 hc
668 3275 801 3350 prolecto
830 3274 867 3332 de
894 3272 976 3332 nullo
1006 3273 1067 3333 lere
1094 3271 1237 3352 Capitolio
1264 3271 1329 3350 quis
1352 3271 1432 3332 aedi-

287 3367 416 3430 ficaverit
442 3369 500 3430 dici
526 3377 634 3450 potest,
658 3377 723 3432 tum
752 3372 857 3432 eodem
885 3371 949 3432 iure
976 3371 1001 3431 si
1034 3371 1149 3432 Castan.
1174 3389 1278 3432 rerum
1302 3369 1432 3440 vidisset,

287 3465 528 3546 Carthaginiense
543 3471 741 3531 revocandum
759 3479 837 3531 esset
857 3471 892 3530 ad
909 3469 1081 3544 Caesarem3
1105 3489 1173 3530 nam
1194 3469 1319 3542 colonia,
1343 3485 1430 3547 quam

287 3565 317 3625 C.
342 3565 489 3628 Gracchus
513 3587 548 3629 eo
577 3587 603 3628 a.
629 3589 657 3630 u.
674 3589 698 3630 c.
720 3567 782 3629 632
806 3569 981 3640 deduxerat,
1012 3569 1076 3646 lege
1108 3567 1228 3628 Minucii
1257 3567 1325 3628 Rufi
1354 3583 1430 3626 anuo

286 3672 353 3743 post
377 3665 519 3727 exstincta
542 3667 657 3746 primus
680 3667 805 3728 dictator
828 3668 935 3728 Caesar
963 3667 995 3727 in
1017 3667 1082 3726 loco
1111 3667 1218 3726 veteris
1241 3665 1332 3738 aubis,
1357 3682 1430 3743 quae

285 3781 382 3843 usque
410 3765 446 3826 ad
473 3785 506 3827 ea
535 3772 669 3845 tempora
698 3765 864 3845 respublica
895 3765 974 3826 nulla
1004 3764 1118 3838 luerat,
1148 3782 1223 3823 au.
1248 3762 1352 3823 olid
1381 3781 1431 3822 co-

355 3963 398 4029 179)
416 3963 552 4026 Angustia.
571 3965 594 4014 d.
613 3982 634 4016 e.
654 3965 677 4014 d.
700 3965 737 4030 18,
752 3964 785 4012 54
803 3991 836 4000 —
855 3963 909 4012 cod.
927 3961 1021 4013 Thcod.
1040 3959 1102 4016 XVI
1122 3961 1161 4026 10,
1183 3961 1220 4012 18.
1351 4005 1354 4010 .

354 4043 396 4108 ¹⁸⁰)
416 4045 477 4095 Cod.
495 4043 589 4096 Theod.
609 4045 655 4095 lib.
669 4043 731 4098 XVI
748 4044 789 4094 tit.
805 4044 836 4093 to
855 4060 879 4092 u.
896 4043 924 4094 19
945 4045 988 4108 (=
1000 4043 1104 4094 constit.
1124 4042 1249 4093 Sirmoad.
1270 4042 1307 4092 cd.
1325 4042 1429 4094 llaeuel.

286 4142 313 4176 m
331 4126 971 4271 ⁰⁰¹3¹?lcflo{lllsseffiltffbthss⁰pithllss·nl³·;{{g·ll²
1004 4205 1164 4271 „lllatioucna
1187 4220 1284 4257 omnem
1307 4206 1365 4256 auri
1388 4205 1431 4256 vel

285 4289 387 4352 argenti
405 4304 419 4339 a
438 4289 631 4354 possessoribus
649 4289 674 4338 iu
694 4289 900 4354 Carthaginiensi
919 4289 982 4340 urbe
1000 4290 1151 4358 poscendam
1170 4302 1225 4338 csso
1239 4288 1429 4339 deceruimus.“

353 4371 397 4437 ¹⁸¹)
417 4371 434 4421 l.
454 4387 475 4422 c.
495 4388 518 4438 p.
538 4371 580 4422 67.
599 4371 638 4422 70.
