3180 5236
711 359 929 420 ,74-

623 611 754 668 Colonia
776 614 1022 684 Agrippinensis.

337 729 495 808 Agrippina
513 729 616 804 minor,
641 731 808 792 Germanici
829 732 896 801 tilia,
921 732 1032 793 Claudii
1048 752 1131 804 uror,
1155 734 1234 812 quod
1250 734 1395 796 Ubiorum

252 826 282 886 in
311 827 419 906 oppido
446 836 513 890 nata
544 837 615 901 erat,
643 848 721 890 anno
745 849 773 908 p.
796 830 863 890 Cbr.
885 831 925 891 50
957 838 988 891 51
1015 831 1158 911 oppidum
1181 833 1309 911 patrium
1332 832 1397 894 iure

253 927 384 988 colonico
407 928 567 990 donaretur
589 929 824 1008 impetravitlll).
863 930 999 990 delanti
1022 931 1141 1009 quidem
1164 931 1293 993 nominis
1309 932 1398 1010 oppi-

254 1025 323 1086 dum
353 1027 424 1104 quin
449 1027 623 1106 Capitolium
655 1028 803 1100 babuerit,
832 1029 901 1107 quid
931 1037 977 1089 est
1009 1030 1087 1108 quod
1119 1026 1310 1091 dubitemus?
1354 1029 1399 1090 Ex

253 1124 361 1194 tribus,
386 1124 436 1202 qui
455 1125 559 1186 urbem
577 1127 730 1204 paululum
748 1134 897 1206 superant,
922 1127 1043 1188 collibus
1059 1145 1138 1189 uuus
1154 1129 1184 1188 in
1200 1137 1283 1207 parte
1300 1129 1399 1190 Rheni

254 1223 335 1302 ripae
359 1223 572 1284 mediterranea
588 1225 648 1285 fert
664 1225 815 1286 ecclesiam
833 1245 856 1285 s.
872 1225 989 1297 Mariae,
1013 1245 1086 1306 quae
1102 1227 1255 1288 dicebatur
1271 1235 1300 1288 et
1315 1245 1399 1289 nunc

255 1322 361 1382 dieitur
382 1321 414 1382 in
430 1322 644 1402 Capitolium).
679 1323 757 1385 Haec
778 1325 869 1402 igitur
892 1325 1013 1386 ecclesia
1037 1326 1164 1387 fueritne
1179 1327 1211 1386 iu
1226 1327 1291 1386 loce
1307 1326 1398 1406 Capi-

254 1420 317 1481 tolii
340 1421 498 1494 aedificata,
522 1423 654 1500 quaestio
678 1423 717 1484 sit
736 1433 846 1484 nostra.
890 1423 985 1502 Atque
1000 1423 1168 1484 communis
1185 1423 1304 1502 quidem
1319 1423 1398 1484 lama

256 1528 285 1582 et
301 1539 400 1584 sermo
415 1521 514 1593 tradit,
532 1522 729 1594 Plectrudem‚
746 1522 842 1602 Pipini
855 1522 992 1583 Heristali
1009 1541 1142 1594 uxorem,
1165 1541 1233 1583 eum
1248 1521 1296 1582 ille
1312 1523 1399 1583 Cbal-

255 1621 357 1698 paidae
380 1620 497 1699 paelicis
514 1638 614 1681 amore
631 1620 769 1681 incitatus
792 1639 855 1681 eam
877 1621 1038 1694 fastidiret,
1063 1620 1215 1682 Coloniam
1238 1621 1399 1682 recessisse

254 1720 355 1798 ibique
379 1720 564 1799 Capitolium,
587 1719 800 1782 habitationem
824 1729 854 1781 et
876 1721 1014 1800 palatium
1039 1721 1146 1781 ducum
1167 1721 1341 1792 austrasiae,
1365 1720 1399 1780 15

256 1819 469 1880 ttrouasterium
486 1819 634 1898 virginum
651 1819 793 1882 albariae
809 1827 1015 1882 commutasse.
1054 1820 1197 1894 Eandem,
1214 1839 1282 1881 cum
1299 1837 1397 1881 more-

254 1925 337 1979 retur
361 1926 393 1978 ut
416 1917 542 1978 abatissa
565 1918 747 1991 monasterii,
771 1919 802 1978 in
825 1917 921 1980 media
946 1918 1065 1980 ecelesia
1090 1937 1156 1980 esse
1179 1899 1396 1998 sepeliendi).

255 2017 308 2078 Cui
338 2017 474 2078 relationi
507 2025 651 2096 quantum
682 2017 751 2078 lidei
778 2015 947 2078 babendum
981 2018 1019 2077 sit
1051 2026 1210 2098 antequam
1242 2035 1397 2097 exponam,

254 2116 290 2176 ad
315 2114 453 2176 ecclesiae
475 2115 631 2176 historiam
655 2133 729 2195 quae
752 2115 903 2194 pertinent
925 2115 1025 2195 paucis
1050 2116 1146 2177 verbis
1162 2135 1399 2178 commemorare

255 2232 361 2293 operae
384 2214 513 2293 pretium
537 2215 654 2276 videtur
677 2233 750 2274 esse.
789 2216 830 2275 dc
849 2215 979 2294 primum
997 2221 1100 2276 notatu
1117 2215 1240 2294 dignum
1256 2217 1399 2294 estquod

256 2313 376 2374 eeclesia
406 2314 437 2374 in
461 2313 675 2392 antiquissimis
697 2313 906 2375 instrumentis
929 2331 988 2374 uon
1018 2314 1124 2374 dieitur
1146 2314 1236 2374 Maria
1258 2314 1289 2374 in
1312 2314 1402 2393 Capi-

254 2413 335 2485 tolio,
360 2413 409 2472 sed
432 2413 520 2472 Maria
544 2413 599 2472 alta
623 2413 736 2472 sivein
760 2413 835 2482 altis,
860 2421 959 2472 saneta
982 2412 1079 2484 Maria,
1103 2431 1127 2472 s.
1144 2411 1233 2472 llaria
1257 2411 1289 2472 in
1309 2413 1400 2472 blalz-

255 2513 377 2582 buohel‚
408 2531 432 2572 s.
450 2511 538 2571 illaria
561 2529 651 2588 super
672 2511 925 2588 Malzbuebel²⁸⁰).
970 2511 1219 2590 Antiquissimum
1248 2512 1328 2590 quod
1353 2531 1401 2572 re-

255 2611 318 2688 peri
341 2611 554 2670 documentum
577 2609 705 2688 pertinet
728 2611 764 2670 ad
786 2615 998 2670 testamentum
1015 2610 1165 2670 Brunonis
1188 2609 1402 2690 archiepiscopi

256 2727 334 2768 anuo
359 2708 420 2768 956
443 2707 716 2788 conscriptum²⁸¹).
759 2709 877 2768 Primus
894 2715 1003 2780 autem,
1027 2709 1106 2787 qued
1123 2708 1224 2780 sciam,
1248 2708 1403 2770 Caesarius

323 2846 366 2913 277)
384 2847 466 2898 Tacit.
485 2864 542 2898 aun.
561 2846 609 2897 XII
627 2847 668 2912 27,
687 2847 772 2898 Germ.
792 2862 844 2912 cap.
859 2845 904 2908 283
921 2843 987 2894 Plio.
1006 2846 1030 2894 b.
1051 2861 1074 2894 5.
1093 2843 1127 2897 lV
1146 2845 1186 2905 31,
1208 2845 1263 2895 1116.

323 2928 367 2992 ²⁷⁸)
386 2931 422 2980 De
435 2930 510 2979 rebus
522 2929 670 2994 topograph.
689 2928 730 2980 vd.
744 2927 840 2990 Ennea,
859 2925 1012 2977 Gescbiebte
1025 2928 1070 2976 der
1082 2927 1157 2977 Stadt
1176 2925 1241 2977 11615
1259 2925 1268 2977 l
1286 2943 1308 2992 p.
1324 2927 1354 2977 88
1366 2945 1402 2994 sq.

323 3013 365 3073 ²⁷⁹)
384 3011 474 3074 Aegid.
494 3009 584 3072 Gelon,
609 3010 644 3060 De
667 3010 813 3060 admiranda
836 3025 910 3059 sacra
936 3015 962 3058 51
985 3009 1059 3058 civili
1082 3009 1255 3072 magnitudine
1278 3010 1403 3060 Coloniae

257 3095 288 3154 (a.
310 3093 384 3154 1615)
403 3093 448 3144 lib.
468 3091 501 3142 lll
519 3099 644 3160 syntagm.
662 3091 699 3142 lX
717 3094 749 3157 (p.
772 3091 893 3156 323sq.);
917 3091 1046 3153 Valesius,
1063 3090 1165 3142 Notitia
1184 3089 1251 3140 Gall.
1271 3091 1304 3153 (a.
1327 3091 1404 3154 1675)

256 3191 279 3240 p.
295 3175 355 3237 1493
369 3175 504 3237 Mabilloa,
523 3174 636 3226 annales
649 3173 731 3224 ordin.
751 3189 770 3224 s.
784 3173 876 3223 Bened.
895 3171 904 3222 l
924 3189 946 3238 p.
961 3172 1023 3234 5873
1043 3171 1403 3235 [1555511511555155555155.

255 3256 346 3306 Fraus.
366 3255 400 3306 IV
419 3272 441 3320 p.
455 3255 565 3320 213sq.;
586 3252 670 3304 Gallia
689 3253 777 3302 christ.
796 3253 830 3304 l'll
849 3254 974 3317 551.770;
993 3251 1176 3316 Staugclolius,
1196 3253 1332 3306 Annalium
1351 3255 1405 3306 cir-

256 3339 308 3388 culi
322 3335 495 3402 Westphalici
509 3338 541 3399 (a.
558 3336 631 3398 1656)
652 3335 694 3384 115,
708 3334 729 3384 ll
742 3352 764 3401 p.
779 3336 825 3399 393
845 3335 983 3397 Wiubeim,
996 3335 1141 3385 Sacrarium
1154 3335 1258 3400 Apripp.
1277 3335 1312 3397 (a.
1329 3336 1405 3398 16117)

256 3418 356 3484 p.113;
374 3418 462 3467 Ennea
481 3418 497 3467 l.
517 3435 538 3467 5.
556 3416 566 3466 l
586 3433 609 3482 p.
622 3417 662 3468 89.
683 3417 739 3468 1111.
762 3417 817 3466 146.

324 3499 739 3562 280)8.115515151115115551551
766 3505 875 3549 vocatur
903 3499 1081 3548 instrumentis
1108 3498 1166 3547 inde
1191 3499 1222 3547 ab
1246 3513 1311 3547 suno
1338 3500 1406 3550 1179

257 3599 334 3647 usque
353 3582 384 3632 ad
403 3583 532 3632 saeculum
550 3580 620 3645 XVl,
644 3579 675 3630 51.
694 3580 753 3644 1551,
777 3580 869 3630 Annal.
889 3580 977 3630 societ.
1001 3580 1128 3644 antiquar.
1151 3579 1229 3629 Rben.
1253 3595 1274 3629 a.
1296 3579 1360 3630 1878
1381 3596 1404 3646 p.

260 3666 315 3716 171.
352 3665 441 3728 Vicus,
461 3665 502 3728 qui
521 3672 561 3714 est
579 3664 645 3714 haud
659 3664 748 3729 procul
767 3663 798 3712 ab
812 3663 931 3725 ecclesia,
952 3679 1015 3711 5555
1027 3678 1125 3727 quoque
1139 3661 1233 3711 dieitur
1251 3676 1311 3726 „am
1323 3661 1405 3711 Mala·

257 3747 371 3797 biicbel“.
397 3746 719 3797 Cumautemllueutzerus
731 3746 756 3794 15
768 3746 938 3794 instrumento
958 3743 1017 3794 5551
1033 3743 1095 3793 1231
1116 3743 1185 3803 (ibid.
1203 3759 1225 3792 a.
1241 3743 1306 3794 1866
1326 3759 1348 3808 p.
1362 3742 1406 3807 88)

257 3829 310 3892 legi
328 3827 439 3879 51651551
457 3829 505 3891 „de
524 3827 707 3890 Alzbuchele“,
727 3842 781 3876 eam
799 3824 888 3875 falsam
907 3839 963 3875 esse
984 3825 1120 3874 lectionem
1139 3823 1203 3874 satis
1222 3831 1329 3874 5555151.

325 3911 367 3974 ²⁸¹)
387 3910 469 3973 Pertz,
490 3911 557 3960 Mon.
579 3907 663 3959 Germ.
684 3908 714 3960 Vl
735 3909 792 3970 274,
813 3908 857 3956 45:
872 3909 924 3970 „ad
944 3907 1051 3956 Sanctae
1071 3905 1168 3954 Mariae
1186 3906 1268 3956 altare
1282 3921 1343 3956 vasa
1356 3907 1406 3954 duo

259 4011 290 4044 ex
309 3994 475 4055 melioribus;
503 3993 658 4042 monasterio
683 3999 709 4042 et
733 3993 845 4041 claustro
872 3989 1025 4055 perficiendo
1052 3989 1135 4039 librae
1161 3995 1270 4052 centum,
1298 3987 1407 4049 eortina,

259 4075 398 4127 scamnalia
416 4075 473 4136 duo,
493 4089 595 4139 trtappae
615 4073 749 4122 totidem“.
785 4071 929 4121 Ecclesiam
948 4069 1054 4120 Mariam
1077 4070 1155 4119 altam
1178 4069 1328 4136 appellatam
1347 4083 1406 4117 esse

258 4158 337 4208 verbo
356 4163 441 4207 monet
461 4154 600 4217 Wiubeim,
619 4154 719 4204 Sacrar.
742 4153 842 4218 Agripp.
862 4169 884 4218 p.
902 4152 962 4202 113:
983 4151 1058 4216 „bine
1077 4151 1102 4200 in
1119 4151 1306 4216 antiquissimis
1319 4165 1408 4198 monu-

258 4240 350 4290 mentis
369 4239 531 4302 collegiatam
548 4239 613 4286 bauc
632 4236 768 4287 eeclesiam
787 4234 847 4285 olim
866 4233 972 4283 Mariam
991 4234 1068 4283 altam
1087 4240 1204 4283 vocatam
1222 4239 1320 4282 certum
1339 4230 1407 4280 est“.

257 4321 325 4371 ldem
343 4319 453 4371 allirmat
472 4319 594 4370 Gelenius
613 4319 629 4367 l.
649 4335 670 4368 5.
695 4335 717 4383 p.
732 4316 795 4366 330:
824 4316 906 4380 „unde
930 4323 955 4365 et
981 4315 1003 4364 b.
1028 4313 1061 4364 M.
1089 4313 1197 4378 virginis
1220 4314 1273 4364 alta
1297 4312 1408 4363 ecclesia

258 4402 428 4470 appellatur“.
476 4399 564 4465 Neque
592 4415 654 4450 vero
682 4399 817 4465 quidquam
845 4398 914 4448 aliud
947 4399 994 4448 boe
1026 4411 1163 4460 cognomen
1191 4396 1321 4461 siguificat
1354 4394 1407 4445 nisi
