3180 5236
611 417 835 480 ...Π-..-

145 596 223 658 33113
246 601 380 674 apparet:
404 593 485 654 abest
506 592 585 654 enim
602 592 639 653 ab
654 593 728 654 urbe
745 611 831 654 mons
848 591 993 654 Tifatiuus
1011 591 1069 652 duo
1085 590 1202 654 circiter
1217 593 1296 654 milia

145 691 348 774 3333333334).
387 692 476 753 Cuius
493 691 634 752 extremis
651 691 682 752 13
698 691 856 761 radicibus,
880 692 910 752 in
933 709 1007 770 pago
1031 690 1081 770 qui
1104 708 1185 752 nunc
1200 691 1297 752 Piedi-

151 804 257 854 rucnte
281 792 396 862 dicitur,
420 809 513 870 prope
538 791 641 852 urbem
659 791 806 852 Casertam
829 791 888 852 iam
911 797 1006 850 exstat
1029 790 1059 850 S.
1075 790 1154 852 Petri
1179 791 1297 852 33313313

149 912 187 952 ex
212 891 356 968 magnifici
385 890 488 968 templi
517 890 630 968 antiqui
659 890 791 969 reliquiis
820 889 1016 961 exaedificata,
1047 888 1096 950 ubi
1124 888 1297 967 Capitolium

150 991 245 1050 luisse
281 991 364 1068 vulgo
396 997 530 1067 putatur.
580 989 663 1063 Quorl
693 990 821 1068 spatium
854 1008 922 1048 curn
951 987 1007 1066 ipsi
1039 988 1176 1050 Beloehio
1205 990 1298 1049 maius

149 1089 283 1150 videatur
306 1088 452 1166 templum
484 1088 519 1150 ad
550 1088 653 1148 urbem
678 1088 873 1148 accersiturus
903 1087 1029 1146 fortasse
1051 1087 1144 1148 fuisse
1166 1087 1299 1166 suspica-

148 1197 200 1248 tur
223 1187 252 1246 iu
276 1198 387 1259 moute,
409 1187 458 1264 qui
482 1203 562 1248 nuuc
583 1203 693 1248 nomen
717 1205 786 1264 prae
810 1207 842 1246 sc
864 1189 920 1246 1333
941 1186 1027 1246 Costa
1053 1187 1127 1246 delle
1147 1185 1298 1256 31333333,

151 1306 221 1350 eum
244 1286 415 1364 praesertim
441 1286 598 1361 Casanova,
628 1285 801 1364 oppidulum
824 1286 900 1346 lraud
932 1285 1037 1364 procul
1059 1285 1181 1357 distans,
1210 1285 1300 1346 medii

150 1385 213 1448 aevi
241 1384 313 1446 actis
342 1384 465 1462 publicis
495 1385 566 1446 Casa
589 1385 664 1444 13313
695 1385 836 1463 333311333
865 1385 911 1444 313.
956 1384 1013 1444 Sed
1043 1384 1078 1444 de
1106 1384 1193 1445 istius
1220 1384 1300 1444 modi

150 1482 344 1563 opinionibus
367 1483 530 1559 nugatoriis
555 1485 724 1549 33333333,
753 1483 926 1556 7333313333
949 1483 985 1542 ad
1009 1502 1059 1543 eos
1083 1483 1132 1560 qui
1154 1484 1301 1562 templum

150 1582 254 1660 oppidi
278 1581 391 1659 antiqui
414 1583 491 1640 iutra
517 1600 617 1642 muros
634 1581 836 1658 3333333333
854 1601 919 1642 3333
935 1600 1093 1660 persuasos
1116 1602 1146 1642 se
1163 1581 1300 1642 habeant.

152 1681 288 1752 Quorum
301 1679 407 1740 iudicia
420 1699 597 1758 quamquam
611 1681 645 1740 ad
659 1699 759 1740 verum
772 1680 1007 1757 investigandum
1021 1681 1095 1740 nilril
1108 1680 1167 1741 fere
1175 1681 1302 1742 31133333

153 1789 253 1840 tamen
278 1779 333 1840 333
355 1779 466 1840 333333
488 1780 592 1852 1333113,
616 1779 696 1858 quod
720 1779 830 1857 aliquid
855 1799 944 1840 33333
969 1781 1075 1841 mentis
1091 1780 1301 1858 praeseferre

153 1878 298 1938 videntur.
344 1877 496 1938 Caesarius
514 1878 600 1939 Costa
618 1877 856 1956 archiepiscopus
879 1878 948 1938 iude
971 1876 1006 1938 33
1031 1896 1110 1938 3333
1137 1877 1228 1950 1572,
1251 1877 1301 1956 qui

152 1976 268 2056 primus
290 1977 500 2054 topograplriae
525 1985 555 2036 33
577 1977 803 2056 antiquitatibus
833 1977 943 2054 patriae
972 1976 1051 2038 urbis
1079 1995 1197 2056 operam
1220 1976 1302 2037 dedit

154 2083 184 2136 et
205 2075 235 2134 iu
259 2075 391 2134 Michaeli
414 2076 549 2136 Monachi
567 2075 744 2136 8333333313
761 2075 898 2154 Capuaue
922 2076 1049 2136 formam
1074 2077 1179 2136 veteris
1203 2075 1302 2156 oppidi

154 2172 263 2244 emisit,
288 2173 462 2250 Capitolium
488 2175 571 2252 ponit
596 2192 655 2234 uon
678 2175 763 2252 longe
785 2193 799 2232 3
821 2175 1039 2254 cryptoporticu
1058 2183 1087 2234 33
1102 2175 1227 2245 theatro,
1251 2173 1302 2254 qni

154 2274 238 2332 locus
268 2289 347 2334 nuuc
377 2274 537 2350 appellatur
565 2273 603 2332 La
628 2273 721 2334 Terre
751 2273 779 2334 di
809 2274 837 2334 S.
867 2274 999 2334 Erasmo.
1044 2272 1139 2344 Quem
1168 2273 1303 2352 sequitur

155 2371 330 2432 Franciscus
357 2359 447 2432 Maria
475 2373 603 2444 Pratilli‚
638 2373 688 2452 qui
720 2373 775 2434 luit
807 2373 842 2432 ab
876 2391 954 2433 anno
986 2372 1067 2434 1684
1097 2392 1191 2452 usque
1223 2373 1258 2432 ad
1286 2392 1303 2434 3

159 2469 249 2530 1771.
284 2470 367 2533 illum
392 2491 458 2532 cum
483 2481 599 2534 constet
621 2471 831 2550 inscriptiones
854 2471 1123 2550 inventionumque
1145 2472 1302 2532 relationes

157 2568 314 2628 3333313333
338 2569 477 2646 33331333
502 2569 611 2646 331315)
632 2571 840 2641 immiscuisse,
863 2577 943 2630 recte
959 2569 1162 2631 Mommseuus
1177 2571 1304 2650 inscrip-

156 2666 251 2726 tiones
267 2667 303 2728 ab
319 2685 353 2726 33
369 2668 473 2729 3313333
489 2669 550 2728 3313
565 2678 717 2747 tamquam
734 2669 835 2730 dubias
851 2667 1050 2747 refutavit³⁰).
1095 2670 1177 2730 luxta
1198 2670 1304 2730 turrim

160 2765 189 2824 S.
213 2765 327 2843 Erasini
350 2784 428 2826 anno
456 2767 534 2826 1740
559 2768 706 2829 detectam
730 2786 794 2828 esse
818 2767 966 2828 Pratillius
989 2768 1075 2828 testis
1099 2777 1145 2830 est
1168 2769 1243 2829 lianc
1258 2768 1305 2828 13-

158 2863 365 2941 scriptionem:
384 2865 506 2940 31113333
516 2865 696 2944 Capitolinae
707 2865 756 2936 871.
782 2865 847 2945 1333
860 2866 982 2926 additia
995 2867 1066 2926 actis
1079 2867 1203 2946 publicis
1217 2865 1305 2926 medii

158 2962 220 3022 aevi
235 2981 266 3022 se
282 2963 388 3042 legisse
410 2982 521 3042 prope
546 2965 681 3026 turrim
707 2965 901 3043 Capitolii,
924 2985 1037 3045 prope
1062 2966 1258 3026 ecclesiam
1275 2964 1306 3026 S.

158 3061 298 3122 Erasini
310 3062 347 3122 13
361 3062 556 3140 Capitolio.
571 3064 1306 3143 31333333313333333333133333333313131333133

160 3179 247 3236 quarn
265 3159 332 3218 alibi
346 3161 520 3238 Capitolium
535 3171 697 3241 quaeratur
711 3181 743 3224 se
759 3163 873 3222 nescire
890 3163 1045 3240 profitetur
1053 3162 1101 3237 38).
1125 3166 1210 3222 Anno
1226 3162 1306 3223 1665

162 3258 277 3336 Capuae
300 3259 376 3318 haud
400 3261 500 3338 procul
521 3281 535 3322 a
552 3261 668 3321 3333133
685 3270 836 3339 repertum
855 3267 899 3320 est
915 3279 989 3339 opus
1006 3261 1210 3340 anaglyphum,
1227 3261 1307 3340 quod

160 3357 248 3416 etiam
271 3374 352 3417 nunc
368 3357 482 3440 Capuae
498 3359 748 3436 conservaturllp.
788 3361 851 3432 Qua
875 3359 903 3418 13
927 3359 1024 3419 333313
1048 3357 1180 3438 13331333
1203 3359 1307 3422 sedens

161 3575 186 3624 in
205 3574 324 3624 historiis
343 3575 486 3639 quinquies,
506 3576 656 3640 saepissime
674 3577 700 3626 iu
719 3576 795 3625 libris
811 3575 845 3624 33
870 3591 925 3628 exc.
944 3576 1016 3640 Aug„
1041 3575 1073 3626 of.
1092 3577 1215 3640 Draeqeri
1241 3582 1307 3642 synt.

161 3654 242 3706 Tacit.
261 3671 284 3721 p.
304 3656 336 3706 36
356 3664 383 3706 et
401 3655 585 3722 Nipperdeium
604 3657 629 3706 ia
649 3665 789 3707 commeato
808 3673 864 3707 eon.
884 3657 929 3708 lib.
948 3656 959 3706 l
979 3659 1001 3708 5.

229 3737 460 3798 843811131333133
479 3739 601 3804 templum
620 3737 688 3789 levis
707 3739 847 3804 Capitolini
872 3739 935 3788 idem
955 3753 1011 3788 csse
1030 3747 1119 3789 censet
1143 3746 1219 3804 atque
1239 3737 1309 3786 levis

162 3817 285 3880 Tifatini,
308 3833 363 3868 euru
391 3820 564 3870 3333333333
584 3828 661 3883 vet03
688 3819 846 3886 3313331333
864 3818 992 3869 Tifatinus
1016 3835 1065 3870 non
1084 3826 1123 3868 333
1142 3819 1310 3884 Capitolinos.

230 3900 262 3962 ⁸⁵)
281 3899 420 3966 ViaAppie
440 3902 536 3966 prodiit
555 3903 631 3968 111333.
648 3903 758 3967 31745,
777 3901 932 3951 Consulares
951 3900 1100 3966 Campaniae
1118 3915 1141 3950 3.
1163 3891 1238 3954 17571

229 3981 261 4040 113
281 3981 355 4031 vd.l.
374 3981 403 4031 11.
424 3982 454 4033 11.
476 3999 498 4048 3.
520 3983 576 4034 185.
600 3984 656 4034 186.

231 4063 264 4124 ⁸⁷]
283 4061 330 4114 Via
358 4064 439 4129 Appia
465 4080 489 4129 p.
516 4065 574 4115 288.
618 4064 684 4115 idern
712 4080 825 4127 maguum
858 4064 1030 4114 columnarum
1058 4071 1311 4128 ornamentorumque

163 4159 293 4194 sumerum
321 4145 374 4194 suis
400 4147 557 4212 temporibus
584 4147 633 4196 iam
661 4153 766 4197 exstare
793 4147 939 4196 31311313.
959 4162 981 4211 3.
1001 4147 1058 4197 278,
1079 4148 1137 4196 287.
1176 4146 1230 4195 ,Sed
1257 4161 1312 4194 oum

164 4227 216 4276 illis
247 4242 280 4276 ex
310 4227 430 4292 reliquiis
460 4229 525 4278 nihil
553 4229 604 4278 1333
634 4229 759 4294 reliquum
790 4229 824 4278 sit
854 4228 898 4279 vel
928 4229 1064 4278 ementitus
1094 4235 1135 4278 est
1159 4228 1202 4279 vel
1228 4227 1311 4276 omnia

165 4307 305 4372 perierunt.

233 4388 546 4456 81313333311333113333.
566 4393 686 4457 amphith.
706 4392 748 4442 tit.
768 4409 790 4458 p.
811 4392 868 4442 258.

233 4471 575 4535 8’33333313333331331.
603 4489 625 4539 p.
648 4475 711 4538 1033
747 4475 892 4524 113333333.
911 4473 929 4522 1.
947 4489 968 4522 3.
987 4489 1010 4538 3.
1029 4473 1133 4537 258333
1160 4470 1312 4522 Winclrelm.

894 4560 896 4566 ’
1132 4557 1147 4612 2
