3180 5236
770 397 988 460 ..34-

308 593 396 654 quam
426 573 560 654 pluribus
589 573 777 652 magnatibus
805 573 929 634 civitatis
958 574 1125 653 praedictae
1152 579 1183 633 et
1209 570 1280 651 ipsis
1306 569 1466 632 militibus

307 672 460 734 absconsis
472 679 501 734 et
516 672 591 732 clam
608 671 704 732 missis
719 671 750 732 16
766 672 864 751 ipsum
877 671 1063 750 Capitolium,
1078 679 1237 749 antequam
1254 669 1467 746 divulgaretur

307 788 361 850 per
383 770 544 838 civitatem,
565 767 619 828 xx
641 769 720 830 milia
735 769 890 830 hominum
914 768 1058 830 nobilium
1080 770 1174 830 dictae
1188 767 1313 829 civitatis
1334 767 1407 828 lecit
1423 767 1463 827 iu

307 867 385 930 dicto
408 867 550 948 Capitolio
573 867 709 928 decollari
733 876 763 929 et
785 869 817 930 in
839 869 934 947 ipsam
957 887 1066 948 aquam
1088 887 1163 948 quae
1185 865 1323 928 currebat
1344 866 1461 926 subtus

306 966 402 1046 ipsum
419 966 594 1046 Capitolium
612 966 725 1046 proiici.
767 967 803 1028 Et
823 985 885 1027 non
907 966 964 1027 luit
985 967 1069 1028 ahter
1091 967 1241 1046 cognitum
1258 965 1317 1026 nisi
1333 964 1461 1043 qnando
1570 1011 1571 1016 1

305 1085 380 1146 aqua
403 1065 473 1127 dicti
496 1064 628 1126 huminis
657 1065 753 1145 coepit
778 1064 937 1126 rubescere
964 1085 1019 1144 pro
1047 1066 1191 1144 sanguine
1217 1062 1459 1124 interfectorum.

307 1163 344 1226 Et
372 1171 504 1224 armatus
534 1165 596 1243 ipse
623 1171 732 1224 reret
760 1163 806 1224 sui
836 1163 945 1224 milites
977 1163 1132 1225 exiverunt
1164 1171 1246 1224 extra
1274 1161 1458 1241 Capitolium

306 1261 449 1340 capiendo
465 1261 603 1322 homines
626 1269 655 1323 et
676 1261 911 1324 interficiendo.“
945 1261 1080 1322 Primum
1096 1261 1280 1323 monendum
1295 1269 1350 1330 cst,
1373 1261 1459 1320 lama
1570 1295 1571 1298 =

306 1360 416 1437 vulgari
430 1361 556 1422 Totilam
573 1379 640 1422 curn
657 1361 754 1438 Attila,
778 1379 868 1441 quem
881 1380 1035 1440 nunquam
1051 1363 1083 1422 in
1094 1361 1241 1422 Etruriam
1258 1359 1376 1421 venisse
1393 1377 1457 1419 no-

305 1466 369 1520 tum
383 1469 438 1532 est,
455 1460 562 1522 mirum
576 1467 720 1539 quantum
734 1463 891 1522 contusum
904 1479 980 1521 esse.
1012 1459 1123 1521 Deinde
1136 1479 1196 1520 non
1212 1467 1292 1520 recte
1308 1479 1340 1520 se
1355 1457 1457 1530 habet,

306 1557 384 1636 quod
407 1557 500 1620 Totila
523 1557 629 1620 urbem
651 1558 714 1620 solo
737 1577 879 1638 aequasse
902 1558 1024 1632 dicitur;
1051 1559 1099 1619 ille
1128 1558 1207 1618 enim
1230 1575 1311 1620 anno
1334 1576 1362 1637 p.
1383 1555 1455 1616 Chr.
1570 1643 1571 1648 η

306 1656 367 1718 542
390 1673 451 1718 666
475 1657 537 1736 ipsc
560 1655 664 1718 urbem
687 1655 803 1718 obsedit
825 1657 877 1718 sed
899 1665 960 1718 tres
984 1657 1065 1717 misit
1080 1657 1197 1735 legatos,
1221 1657 1354 1737 quicum
1371 1653 1455 1714 illam

306 1772 410 1834 capere
433 1772 494 1816 non
518 1763 640 1835 possent
668 1774 701 1816 re
728 1755 836 1816 inlecta
861 1756 1062 1834 oppugnando
1086 1755 1273 1816 destiterunt.
1318 1753 1456 1832 Denique

305 1852 439 1932 Capitolii
455 1853 640 1926 vocabulum,
664 1853 743 1932 quod
767 1860 865 1914 tantas
888 1852 920 1913 in
943 1853 990 1914 illa
1012 1854 1156 1914 relatione
1172 1854 1232 1932 agit
1246 1860 1355 1933 partes,
1376 1851 1453 1912 falso
1570 1857 1571 1872 ¹

305 1951 461 2014 adhibetur
483 1970 536 2031 pro
560 1952 679 2015 castello
695 1952 756 2014 sive
772 1952 889 2031 palatio.
923 1951 1021 2013 Nihilo
1037 1960 1138 2015 autem
1156 1954 1256 2014 minus
1273 1971 1338 2012 eam
1353 1950 1454 2010 fabula

305 2048 363 2110 vim
388 2049 487 2123 hahet,
510 2058 543 2112 ut
564 2068 667 2112 vocem
691 2050 826 2129 Capitolii
847 2050 946 2129 lingua
963 2051 1074 2128 vulgari
1090 2051 1218 2130 riguisse
1240 2069 1296 2110 nos
1319 2050 1454 2110 edoceat.

389 2147 620 2228 Antiquissimus
634 2167 724 2228 quem
739 2148 875 2210 novimus
891 2167 991 2210 rernm
1007 2149 1246 2230 Florentinarum
1262 2148 1390 2226 scriptor
1405 2156 1456 2207 est

305 2248 497 2321 Sanzanome,
520 2248 572 2328 qui
586 2247 711 2310 fortasse
727 2266 803 2310 unus
826 2267 861 2310 cr
878 2247 944 2328 ¹viris
961 2247 1095 2310 eiusdem
1111 2248 1243 2309 nominis
1258 2247 1331 2308 iuris
1347 2245 1453 2325 peritis

303 2345 372 2420 luit,
403 2347 454 2426 qui
481 2346 566 2408 initio
594 2346 703 2408 saeculi
724 2345 790 2408 Xlll
813 2347 981 2408 Florentiae
1003 2347 1158 2408 llorebant.
1204 2347 1328 2426 Scripsit
1350 2354 1453 2408 autem

303 2462 370 2506 cum
388 2451 524 2506 mortuus
540 2444 579 2506 sit
595 2453 662 2506 ante
677 2462 789 2506 annum
808 2445 900 2516 1266,
924 2453 1005 2507 certe
1021 2463 1083 2507 non
1099 2455 1166 2526 post
1182 2465 1205 2507 a.
1225 2446 1316 2506 1253.
1359 2444 1452 2507 Cuius
1570 2453 1571 2464 ¹

303 2543 415 2606 Gesta
437 2542 746 2604 Florentinorum
771 2562 865 2624 usqne
887 2545 923 2606 ad
945 2563 1057 2606 annum
1085 2544 1163 2606 1231
1189 2545 1339 2625 pertinent
1362 2552 1452 2624 atque

302 2643 333 2704 in
350 2641 446 2705 medio
463 2640 619 2702 enuntiato
634 2640 963 2723 interrumpuntur¹²⁴).
994 2643 1050 2716 Qui
1067 2635 1134 2706 c'um
1150 2653 1232 2722 gesta
1247 2649 1450 2722 componeret,

303 2741 329 2802 61
351 2741 399 2803 illa
422 2739 561 2804 chronica
584 2740 708 2804 civitatis
738 2741 804 2802 usui
833 2741 923 2804 luisse
947 2761 1014 2804 cum
1044 2762 1078 2803 ex
1102 2743 1163 2804 aliis
1192 2743 1288 2803 causis
1315 2751 1379 2802 tum
1403 2741 1450 2802 rel

302 2839 428 2905 maxime
444 2839 513 2900 inde
536 2848 657 2920 apparet
678 2831 810 2918 quod'de
827 2840 967 2918 Capitolio
991 2842 1095 2902 eadem
1118 2842 1180 2902 fere
1195 2843 1283 2902 verba
1305 2839 1448 2918 lacit¹²⁶).

302 2940 380 3004 Sunt
395 2946 495 3000 autem
509 2938 597 3000 hace:
629 2937 761 3009 „Dicitur
783 2937 906 3019 insuper
929 2940 1009 3018 quod
1032 2959 1047 3000 a
1070 2940 1165 3001 Totila
1188 2941 1301 3018 llagello
1324 2939 1371 3000 dei
1392 2939 1449 3000 luit

301 3048 404 3119 postea
427 3042 575 3104 destructa
598 3040 747 3104 Florentia
771 3048 801 3102 et
824 3041 999 3103 melioribus
1028 3043 1157 3122 auguriis
1185 3042 1372 3103 rehedisrcata
1395 3059 1448 3121 per

301 3159 450 3220 proceres,
473 3160 541 3204 cum
565 3161 600 3203 ex
623 3149 709 3221 pacto
732 3141 873 3202 intrasset
896 3143 1021 3203 carrdem
1044 3143 1138 3203 multo
1161 3152 1297 3221 tempore
1319 3141 1378 3202 iarn
1394 3141 1448 3200 ob·

301 3257 413 3301 6666161
435 3240 545 3302 necatis
569 3239 719 3302 nobilibus
742 3239 775 3299 in
797 3239 904 3317 palatio
929 3240 1007 3318 quod
1024 3240 1177 3301 dicebatur
1192 3249 1224 3300 et
1237 3240 1324 3300 hodie
1340 3238 1447 3301 dicitur

301 3337 488 3420 Capitolium,
511 3347 540 3402 et
563 3338 673 3400 ibidem
696 3335 836 3398 omnibus
858 3336 1020 3399 interfectis
1044 3345 1073 3398 et
1096 3337 1219 3417 singulis
1240 3354 1345 3398 necem
1360 3337 1444 3416 igno-

300 3436 434 3500 rantibus
450 3441 648 3500 ceterorum.“
672 3435 733 3498 Nec
747 3453 816 3498 vero
832 3433 951 3496 silentio
966 3436 1180 3514 praetereunda
1197 3435 1312 3496 videtur
1327 3435 1444 3496 loannis

299 3536 421 3598 Villanei
443 3536 567 3599 historia
589 3533 772 3608 Florentina,
796 3551 871 3613 quae
894 3541 1039 3612 quaritum
1063 3534 1244 3596 auctoritatis
1268 3535 1347 3613 apud
1370 3535 1443 3594 viros

300 3642 421 3698 nostrae
449 3635 552 3697 aetatis
581 3635 685 3697 doctos
714 3632 822 3693 habeat
850 3631 920 3693 satis
948 3641 1054 3694 notum
1084 3639 1136 3694 est.
1194 3631 1252 3704 Qui
1288 3649 1357 3691 cum
1390 3631 1443 3692 sub

300 3750 413 3796 annum
432 3733 512 3796 1300
535 3751 582 3796 res
598 3731 838 3793 Florentinorum
855 3731 984 3792 scribere
1007 3732 1038 3792 16
1061 3731 1194 3792 animum
1216 3729 1391 3802 induxisset,
1413 3748 1443 3789 ca

300 3849 375 3914 quae
398 3832 434 3894 de
456 3831 493 3894 iis
516 3839 586 3894 ante
609 3829 819 3893 annum1300
842 3829 932 3910 gestis
957 3838 1027 3892 nota
1051 3839 1136 3892 erant
1158 3829 1316 3892 maximam
1332 3835 1444 3908 partem

299 3951 335 3992 ex
362 3931 511 3994 chronicis
538 3939 569 3994 ot
595 3929 687 4009 gestis
710 3927 1182 4008 Florentinorumdeprompsit,
1212 3947 1271 4008 quo
1299 3928 1332 3988 fit
1354 3935 1388 3988 ut
1410 3926 1444 3986 de

300 4029 442 4110 Capitolio
467 4028 540 4090 nihil
562 4030 623 4090 1616
650 4028 721 4089 novi
748 4025 783 4088 ab
812 4047 847 4088 66
876 4012 1175 4105 661666116666111).Ι
1211 4025 1352 4104 Sequitur
1374 4024 1445 4085 liber

299 4141 512 4154 m

366 4185 409 4250 ¹¹⁴)
427 4182 459 4238 61.
479 4182 743 4238 Sobedor-Bcichorst
761 4183 778 4234 l.
799 4199 822 4236 c.
841 4199 864 4250 p.
884 4183 942 4234 251.

367 4268 409 4332 ΙΙΙ1)
429 4265 461 4320 61.
481 4266 602 4330 11611616.
622 4267 638 4316 l.
659 4284 680 4318 6.
700 4283 721 4332 p.
737 4266 761 4318 2.

369 4350 411 4414 ¹¹⁸)
429 4349 500 4400 Dicit
517 4349 583 4400 enim
596 4348 640 4400 lib.
653 4347 664 4399 I
676 4366 697 4400 6.
711 4348 743 4399 38
763 4348 838 4414 (apud
852 4345 1022 4398 Muratoriurn
1034 4343 1093 4396 1161.
1107 4342 1164 4394 ltal.
1177 4342 1266 4408 script.
1279 4349 1340 4393 tom.
1353 4339 1441 4405 xilla:

297 4430 424 4502 „Martio
442 4430 466 4482 l’
483 4431 551 4482 ultro
565 4430 672 4495 Siguore
686 4429 806 4493 Romano,
825 4426 880 4480 1666
898 4425 953 4480 lare
970 4427 991 4478 il
1004 4424 1177 4493 Campidoglio
1196 4424 1221 4475 al
1232 4423 1306 4476 modo
1317 4425 1343 4475 di
1356 4424 1440 4489 lloma,
