3180 5236
777 373 998 438 -60-

317 549 460 628 runtm).
505 549 595 610 Cuius
618 548 748 610 coloniae
770 549 799 610 in
824 550 965 618 nummis,
988 550 1037 627 qni
1059 551 1130 610 inde
1150 551 1186 610 ab
1202 550 1352 611 Hadriano
1369 570 1466 630 usque

317 648 515 709 Hostiliannm
543 655 624 718 sunt,
653 648 796 727 templum
821 647 1019 726 Capitolinum
1049 649 1199 727 depictum
1228 649 1380 710 interdum
1410 669 1465 710 oc-

318 746 482 820 currit²²⁷).

404 942 464 1002 lam
488 949 581 1003 restat
603 950 636 1002 ut
658 942 824 1020 exemplum
848 943 925 1002 baud
949 943 989 1002 ita
1012 943 1161 1004 sincerum
1176 944 1341 1005 afferamus.
1389 946 1463 1006 Cae-

318 1060 419 1103 sareae
435 1041 524 1111 enim,
550 1041 630 1119 quod
655 1049 699 1100 est
715 1041 913 1121 Cappadociae
936 1042 1089 1120 oppidum,
1113 1040 1287 1120 Capitolium
1309 1045 1367 1104 nisi
1391 1045 1463 1104 actis

318 1158 343 1199 s.
360 1139 454 1214 Sergii
472 1137 664 1218 martyris²²⁸l
689 1157 750 1199 uon
773 1148 1034 1200 commemoratur.
1080 1140 1118 1200 Ut
1141 1141 1213 1200 nibil
1236 1141 1331 1201 dicam
1352 1142 1462 1202 deiide

319 1244 348 1296 et
369 1237 539 1297 sinceritate
562 1256 683 1298 eorum:
707 1239 784 1316 quotl
809 1257 937 1298 sacrae
960 1238 1041 1298 viae
1063 1239 1102 1299 ibi
1120 1239 1232 1298 nrentio
1248 1249 1303 1315 est,
1327 1241 1463 1301 animad-

319 1336 453 1396 versione
476 1335 596 1412 dignum
621 1335 744 1406 videtur,
768 1336 835 1396 licet
857 1337 956 1414 negari
980 1354 1040 1396 non
1062 1337 1156 1415 possit
1178 1338 1209 1398 in
1232 1338 1295 1416 ipsa
1320 1340 1387 1398 Asia
1409 1340 1460 1400 alia

318 1434 451 1495 locorum
476 1433 558 1496 urbis
580 1435 691 1496 Romae
713 1436 834 1496 nomina
859 1438 896 1508 (e.
912 1454 938 1514 g.
955 1455 979 1495 v.
996 1435 1099 1515 Tusci)
1121 1436 1205 1497 nobis
1229 1455 1379 1499 occurere.

787 1665 820 1728 6.
856 1662 991 1729 Gellia.

831 1825 947 1879 Narbo.

406 1942 545 2002 Sidonius
568 1943 763 2021 appollinaris
786 1942 866 2002 inter
888 1962 921 2003 ea
944 1961 1020 2022 quae
1044 1942 1176 2003 Narboni
1200 1943 1297 2005 decori
1321 1945 1382 2006 sint
1397 1965 1459 2006 mo-

320 2049 462 2101 numenta
497 2040 670 2119 Capitolium
710 2060 829 2120 quoque
862 2041 1145 2121 commemorat²²⁹).
1205 2043 1355 2104 Ausonius
1396 2063 1460 2106 cum

388 2231 434 2295 ²²⁶)
452 2231 534 2283 1111111.
553 2231 570 2282 l.
590 2248 611 2281 c.
630 2249 652 2298 p.
667 2231 725 2281 358.

388 2329 430 2388 221)
451 2343 471 2377 0.
491 2343 513 2388 g.
533 2327 559 2376 in
579 2342 675 2377 nummo
695 2325 818 2376 lladriani
836 2342 875 2391 ap.
895 2325 1000 2376 lllionet.
1013 2326 1037 2377 V
1050 2327 1100 2377 516
1119 2343 1143 2376 1.
1161 2327 1176 2376 2
1195 2329 1238 2390 (=
1251 2328 1374 2380 Vaillant.
1394 2330 1462 2381 1153
1562 2391 1563 2398 ¹

319 2409 464 2460 ==Eckbel
482 2410 512 2460 D.
525 2409 555 2460 N.
569 2408 673 2472 111413)
691 2409 818 2474 depictum
832 2415 872 2458 est
891 2411 1009 2474 templum
1027 2409 1157 2476 distylnm
1176 2411 1202 2460 ia
1220 2426 1268 2475 quo
1287 2419 1341 2462 tres
1360 2413 1461 2476 ligneae,

320 2508 380 2558 quas
394 2491 479 2541 lovem
491 2490 660 2555 Capitolinum
673 2490 816 2540 Minervam
830 2489 938 2541 Genium
950 2489 1022 2539 urbis
1041 2506 1097 2540 esse
1111 2491 1268 2542 Vaillantins
1281 2499 1307 2542 et
1326 2493 1462 2545 lllionetius

319 2574 465 2640 probarunt.
503 2571 606 2620 Rectius
625 2578 708 2620 autem
727 2586 782 2619 cunr
804 2570 927 2620 Eclhelio
950 2571 1055 2635 liguram
1074 2571 1205 2621 sinistram
1229 2588 1278 2622 noa
1301 2575 1402 2635 genium
1421 2576 1463 2626 sed

319 2655 438 2705 lunonem
457 2668 513 2703 esse
533 2652 708 2714 indicabimus,
735 2668 789 2702 eum
812 2653 901 2702 hastae
919 2653 946 2702 in
969 2653 1082 2703 manibus
1100 2654 1230 2715 geniorum
1252 2669 1312 2704 raro
1332 2656 1462 2706 invenian-

318 2745 368 2787 tur.
405 2737 477 2786 Addo
497 2751 619 2784 nummum
640 2735 842 2798 Diadumeniani,
862 2735 887 2784 in
902 2749 949 2799 quo
963 2736 1053 2785 videre
1066 2734 1129 2784 licet
1144 2735 1261 2800 templum
1274 2739 1462 2805 testrastylnm,

319 2820 346 2870 in
364 2835 411 2885 quo
430 2817 543 2884 luppiter
562 2818 652 2868 sedans
671 2818 737 2866 inter
756 2818 818 2866 duas
837 2818 932 2878 ligures
950 2817 1096 2878 muliebres,
1116 2832 1220 2882 quarum
1239 2818 1347 2868 alteram
1368 2818 1462 2870 llliaer·

320 2917 375 2952 vam
393 2901 528 2962 galeatam,
547 2899 654 2948 alteram
674 2898 791 2948 lunonem
806 2913 863 2948 esse
875 2897 1003 2959 arbitror3
1022 2898 1101 2948 aliter
1111 2899 1211 2964 quidem
1222 2898 1328 2950 Mionet.
1342 2900 1365 2950 V
1379 2917 1402 2966 p.
1415 2901 1461 2950 520

320 2983 398 3032 125.
434 2980 558 3031 Vaillant.
577 2997 599 3046 p.
619 2979 660 3030 69.
680 3007 712 3015 -

387 3075 430 3136 ²²⁸)
450 3075 480 3125 Α.
494 3074 537 3124 SS.
551 3090 574 3124 a.
588 3076 611 3124 d.
624 3073 658 3125 Vl
671 3075 721 3125 kal.
735 3073 811 3124 Mart.
831 3075 920 3137 (mens.
941 3074 1014 3124 Febr.
1033 3083 1094 3124 tom.
1113 3073 1147 3124 Vl
1163 3091 1185 3140 p.
1200 3075 1249 3125 468
1268 3073 1337 3140 §2):
1357 3077 1461 3140 „Conti-

320 3160 359 3223 git
376 3165 460 3207 autem
480 3157 503 3205 in
523 3156 611 3206 diebus
630 3157 684 3206 illis
704 3155 884 3207 nefandissimo
904 3156 966 3222 lovi,
986 3173 1058 3221 quem
1077 3155 1239 3222 profanorum
1258 3158 1385 3207 idolorum
1404 3174 1462 3222 gen·

319 3241 381 3292 tiles
401 3239 523 3304 putabant
541 3254 598 3288 esse
617 3239 762 3304 principem,
781 3253 863 3287 annua
882 3238 1009 3288 sacrificia
1033 3237 1090 3288 fieri
1114 3238 1139 3287 in
1166 3238 1292 3303 Capitolio
1313 3241 1378 3305 quorl
1397 3239 1461 3290 basi-

320 3322 387 3371 licae
404 3321 531 3386 praesidis
555 3321 663 3370 vicinum
688 3327 758 3370 erat:
782 3320 813 3369 ad
838 3321 902 3385 quod
927 3321 1112 3370 sceleratorum
1134 3321 1224 3369 turbae
1250 3336 1304 3369 aum
1330 3321 1461 3370 immundis

318 3402 412 3452 bestiis
432 3401 624 3451 concurrebant.
660 3401 715 3452 alii
733 3409 816 3452 autem
834 3417 886 3468 per
905 3402 987 3451 viam
1005 3416 1142 3462 sacram,
1161 3402 1298 3450 secundum
1311 3417 1399 3452 eorum
1411 3418 1462 3452 mo-

320 3501 372 3534 rem
392 3483 553 3548 sacrilegum,
572 3499 627 3534 cnm
645 3483 711 3533 albis
730 3491 756 3534 et
773 3484 898 3534 laureatis
916 3483 1000 3532 tauris
1018 3490 1045 3532 et
1062 3498 1151 3546 magua
1165 3483 1346 3548 exsultatione,
1365 3491 1395 3534 ut
1406 3487 1463 3534 ‹lae-

319 3566 412 3616 moniis
431 3566 492 3630 ipsis
511 3566 693 3626 sacrificarent,
713 3567 743 3615 ad
762 3566 844 3630 ipsum
863 3565 1016 3630 Capitolium
1034 3563 1202 3628 festinabant,
1221 3565 1326 3628 quadam
1340 3581 1462 3616 execran-

320 3651 376 3700 dam
395 3646 563 3698 lestivitatem
582 3646 714 3698 simulacri
732 3646 868 3696 vanissimi
887 3646 1074 3696 celebrantes“.

388 3743 433 3810 ²¹⁹)
452 3743 535 3794 Carm.
554 3743 599 3794 23:
621 3742 707 3803 Salve,
726 3741 822 3807 Narbo,
842 3748 931 3804 potens
950 3740 1104 3790 salubritate

621 3825 684 3876 urbe
703 3831 729 3875 et
746 3839 806 3874 rure
826 3824 902 3874 simul
922 3823 1001 3872 bonus
1020 3823 1104 3872 videri

619 3909 699 3958 muris
718 3908 819 3959 civibus
837 3904 933 3956 ambitu
950 3905 1067 3955 tabernis

622 3990 704 4054 portis
723 3989 865 4055 porticibus
885 3984 940 4034 loro
959 3977 1061 4036 theatro

622 4071 734 4120 delubris
753 4069 883 4134 capitoliis
900 4069 1010 4118 monetis

622 4152 729 4202 thermis
747 4151 857 4201 arcubus
875 4150 978 4200 horreis
995 4151 1110 4200 macellis
1123 4185 1130 4198 .
1144 4187 1170 4200 ..

321 4235 443 4302 Capitolii
462 4237 529 4286 sieut
547 4234 635 4300 palatii
655 4248 772 4282 numerus
791 4231 898 4298 pluralis
917 4247 929 4281 a
952 4247 1041 4296 prosae
1060 4232 1186 4282 orationis
1200 4230 1354 4297 posterioris
1372 4230 1464 4280 aetatis

321 4316 490 4383 scriptoribus
509 4317 531 4366 si
551 4314 692 4366 recesseris
711 4313 761 4364 nisi
781 4314 844 4378 apud
865 4320 955 4378 poetas
974 4329 1022 4362 non
1041 4313 1182 4376 invenitur,
1201 4312 1233 4362 01.
1246 4313 1323 4376 Neue,
1341 4311 1464 4364 Formen-

321 4401 393 4449 lehre
410 4396 420 4446 1
439 4398 527 4460 (1866)
547 4413 569 4463 p.
583 4397 641 4447 ttt.
