<?xml version="1.0" encoding="UTF-8"?>
<!DOCTYPE html PUBLIC "-//W3C//DTD XHTML 1.0 Transitional//EN"
    "http://www.w3.org/TR/xhtml1/DTD/xhtml1-transitional.dtd">
<html xmlns="http://www.w3.org/1999/xhtml" xml:lang="en" lang="en">
 <head>
  <title>
</title>
<meta http-equiv="Content-Type" content="text/html;charset=utf-8" />
  <meta name='ocr-system' content='tesseract 3.04.00' />
  <meta name='ocr-capabilities' content='ocr_page ocr_carea ocr_par ocr_line ocrx_word'/>
</head>
<body>
  <div class='ocr_page' id='page_1' title='image "./decapitoliisimp00kuhfgoog_0033.png"; bbox 0 0 3180 5236; ppageno 0'>
   <div class='ocr_carea' id='block_1_1' title="bbox 750 390 1012 457">
    <p class='ocr_par' dir='ltr' id='par_1_1' title="bbox 750 390 1012 457">
     <span class='ocr_line' id='line_1_1' title="bbox 750 390 1012 457; baseline 0.004 -1"><span class='ocrx_word' id='word_1_1' title='bbox 750 390 1012 457; x_wconf 83' lang='lat'><strong>¹--28-</strong></span> 
     </span>
    </p>
   </div>
   <div class='ocr_carea' id='block_1_2' title="bbox 330 571 1498 2628">
    <p class='ocr_par' dir='ltr' id='par_1_2' title="bbox 330 571 1498 1441">
     <span class='ocr_line' id='line_1_2' title="bbox 330 571 1498 653; baseline 0 -18"><span class='ocrx_word' id='word_1_2' title='bbox 330 574 405 635; x_wconf 86' lang='lat' dir='ltr'><strong>tium</strong></span> <span class='ocrx_word' id='word_1_3' title='bbox 436 572 558 633; x_wconf 89' lang='lat' dir='ltr'><strong>consule</strong></span> <span class='ocrx_word' id='word_1_4' title='bbox 586 571 605 632; x_wconf 93' lang='lat' dir='ltr'><strong>i.</strong></span> <span class='ocrx_word' id='word_1_5' title='bbox 640 591 667 632; x_wconf 89' lang='lat' dir='ltr'><strong>e.</strong></span> <span class='ocrx_word' id='word_1_6' title='bbox 698 590 775 634; x_wconf 90' lang='lat' dir='ltr'><strong>anno</strong></span> <span class='ocrx_word' id='word_1_7' title='bbox 804 591 833 652; x_wconf 88' lang='lat' dir='ltr'><strong>p.</strong></span> <span class='ocrx_word' id='word_1_8' title='bbox 867 572 934 632; x_wconf 89' lang='lat' dir='ltr'><strong>Chr.</strong></span> <span class='ocrx_word' id='word_1_9' title='bbox 971 571 1030 632; x_wconf 84' lang='grc'><strong>119</strong></span> <span class='ocrx_word' id='word_1_10' title='bbox 1064 572 1233 651; x_wconf 82' lang='lat' dir='ltr'><strong>positus⁹⁴).</strong></span> <span class='ocrx_word' id='word_1_11' title='bbox 1289 574 1498 653; x_wconf 78' lang='lat' dir='ltr'><strong>Quamquam</strong></span> 
     </span>
     <span class='ocr_line' id='line_1_3' title="bbox 330 671 1489 751; baseline 0 -19"><span class='ocrx_word' id='word_1_12' title='bbox 330 671 591 751; x_wconf 84' lang='lat' dir='ltr'><strong>inscriptionibus,</strong></span> <span class='ocrx_word' id='word_1_13' title='bbox 615 671 725 751; x_wconf 89' lang='lat' dir='ltr'><strong>quibus</strong></span> <span class='ocrx_word' id='word_1_14' title='bbox 748 680 808 732; x_wconf 89' lang='lat' dir='ltr'><strong>tres</strong></span> <span class='ocrx_word' id='word_1_15' title='bbox 832 671 877 732; x_wconf 89' lang='lat' dir='ltr'><strong>dei</strong></span> <span class='ocrx_word' id='word_1_16' title='bbox 901 671 1054 749; x_wconf 79' lang='lat' dir='ltr'><strong>Capitolini</strong></span> <span class='ocrx_word' id='word_1_17' title='bbox 1078 682 1366 745; x_wconf 78' lang='lat' dir='ltr'><strong>commemorantur,</strong></span> <span class='ocrx_word' id='word_1_18' title='bbox 1389 672 1489 751; x_wconf 88' lang='lat' dir='ltr'><strong>Capi·</strong></span> 
     </span>
     <span class='ocr_line' id='line_1_4' title="bbox 330 770 1495 842; baseline -0.001 -9"><span class='ocrx_word' id='word_1_19' title='bbox 330 773 435 834; x_wconf 91' lang='lat' dir='ltr'><strong>tolium</strong></span> <span class='ocrx_word' id='word_1_20' title='bbox 465 771 557 830; x_wconf 84' lang='lat' dir='ltr'><strong>fuisse</strong></span> <span class='ocrx_word' id='word_1_21' title='bbox 585 770 709 830; x_wconf 88' lang='lat' dir='ltr'><strong>minime</strong></span> <span class='ocrx_word' id='word_1_22' title='bbox 737 770 866 831; x_wconf 91' lang='lat' dir='ltr'><strong>adducor</strong></span> <span class='ocrx_word' id='word_1_23' title='bbox 896 778 928 830; x_wconf 95' lang='lat' dir='ltr'><strong>ut</strong></span> <span class='ocrx_word' id='word_1_24' title='bbox 950 770 1083 842; x_wconf 89' lang='lat' dir='ltr'><strong>credam,</strong></span> <span class='ocrx_word' id='word_1_25' title='bbox 1111 778 1212 830; x_wconf 91' lang='lat' dir='ltr'><strong>tamen</strong></span> <span class='ocrx_word' id='word_1_26' title='bbox 1235 771 1378 831; x_wconf 87' lang='lat' dir='ltr'><strong>hocloco</strong></span> <span class='ocrx_word' id='word_1_27' title='bbox 1401 771 1495 832; x_wconf 85' lang='lat' dir='ltr'><strong>addo</strong></span> 
     </span>
     <span class='ocr_line' id='line_1_5' title="bbox 330 867 1493 947; baseline 0 -17"><span class='ocrx_word' id='word_1_28' title='bbox 330 871 450 932; x_wconf 87' lang='lat' dir='ltr'><strong>titulum</strong></span> <span class='ocrx_word' id='word_1_29' title='bbox 462 869 581 930; x_wconf 89' lang='lat' dir='ltr'><strong>Faleriis</strong></span> <span class='ocrx_word' id='word_1_30' title='bbox 597 877 760 947; x_wconf 90' lang='lat' dir='ltr'><strong>repertum,</strong></span> <span class='ocrx_word' id='word_1_31' title='bbox 777 887 838 928; x_wconf 92' lang='lat' dir='ltr'><strong>non</strong></span> <span class='ocrx_word' id='word_1_32' title='bbox 855 887 913 947; x_wconf 91' lang='lat' dir='ltr'><strong>quo</strong></span> <span class='ocrx_word' id='word_1_33' title='bbox 926 867 1099 947; x_wconf 85' lang='lat' dir='ltr'><strong>Capitolium</strong></span> <span class='ocrx_word' id='word_1_34' title='bbox 1109 869 1276 946; x_wconf 82' lang='lat' dir='ltr'><strong>Faleriense</strong></span> <span class='ocrx_word' id='word_1_35' title='bbox 1291 869 1493 941; x_wconf 82' lang='lat' dir='ltr'><strong>confirmem,</strong></span> 
     </span>
     <span class='ocr_line' id='line_1_6' title="bbox 330 967 1491 1048; baseline -0.001 -19"><span class='ocrx_word' id='word_1_36' title='bbox 330 969 381 1030; x_wconf 89' lang='lat' dir='ltr'><strong>sed</strong></span> <span class='ocrx_word' id='word_1_37' title='bbox 407 967 473 1048; x_wconf 91' lang='lat' dir='ltr'><strong>quia</strong></span> <span class='ocrx_word' id='word_1_38' title='bbox 497 967 631 1028; x_wconf 89' lang='lat' dir='ltr'><strong>omnium</strong></span> <span class='ocrx_word' id='word_1_39' title='bbox 656 967 706 1046; x_wconf 91' lang='lat' dir='ltr'><strong>qui</strong></span> <span class='ocrx_word' id='word_1_40' title='bbox 729 975 809 1028; x_wconf 86' lang='lat' dir='ltr'><strong>extra</strong></span> <span class='ocrx_word' id='word_1_41' title='bbox 834 968 957 1028; x_wconf 86' lang='lat' dir='ltr'><strong>Romam</strong></span> <span class='ocrx_word' id='word_1_42' title='bbox 980 967 1173 1028; x_wconf 89' lang='lat' dir='ltr'><strong>inveniuntur</strong></span> <span class='ocrx_word' id='word_1_43' title='bbox 1195 968 1280 1046; x_wconf 83' lang='lat' dir='ltr'><strong>longe</strong></span> <span class='ocrx_word' id='word_1_44' title='bbox 1302 969 1491 1048; x_wconf 87' lang='lat' dir='ltr'><strong>antiquissi-</strong></span> 
     </span>
     <span class='ocr_line' id='line_1_7' title="bbox 330 1065 1491 1146; baseline 0 -18"><span class='ocrx_word' id='word_1_45' title='bbox 330 1087 397 1128; x_wconf 92' lang='lat' dir='ltr'><strong>mus</strong></span> <span class='ocrx_word' id='word_1_46' title='bbox 421 1067 545 1134; x_wconf 84' lang='lat' dir='ltr'><strong>¹videtur</strong></span> <span class='ocrx_word' id='word_1_47' title='bbox 577 1085 649 1126; x_wconf 87' lang='lat' dir='ltr'><strong>esse.</strong></span> <span class='ocrx_word' id='word_1_48' title='bbox 705 1067 738 1126; x_wconf 94' lang='lat' dir='ltr'><strong>lu</strong></span> <span class='ocrx_word' id='word_1_49' title='bbox 767 1065 892 1127; x_wconf 88' lang='lat' dir='ltr'><strong>laminae</strong></span> <span class='ocrx_word' id='word_1_50' title='bbox 923 1065 1002 1126; x_wconf 90' lang='lat' dir='ltr'><strong>euim</strong></span> <span class='ocrx_word' id='word_1_51' title='bbox 1035 1075 1117 1146; x_wconf 92' lang='lat' dir='ltr'><strong>parte</strong></span> <span class='ocrx_word' id='word_1_52' title='bbox 1139 1066 1250 1146; x_wconf 86' lang='lat' dir='ltr'><strong>postica</strong></span> <span class='ocrx_word' id='word_1_53' title='bbox 1273 1067 1364 1128; x_wconf 87' lang='lat' dir='ltr'><strong>habes</strong></span> <span class='ocrx_word' id='word_1_54' title='bbox 1387 1069 1491 1128; x_wconf 85' lang='lat' dir='ltr'><strong>haec:</strong></span> 
     </span>
     <span class='ocr_line' id='line_1_8' title="bbox 330 1163 1490 1245; baseline 0 -19"><span class='ocrx_word' id='word_1_55' title='bbox 330 1166 406 1226; x_wconf 86' lang='lat' dir='ltr'><strong>lorei</strong></span> <span class='ocrx_word' id='word_1_56' title='bbox 436 1165 559 1226; x_wconf 92' lang='lat' dir='ltr'><strong>lunonei</strong></span> <span class='ocrx_word' id='word_1_57' title='bbox 586 1163 727 1225; x_wconf 88' lang='lat' dir='ltr'><strong>Minervai</strong></span> <span class='ocrx_word' id='word_1_58' title='bbox 754 1163 758 1245; x_wconf 96' lang='grc' dir='ltr'>Ι</span> <span class='ocrx_word' id='word_1_59' title='bbox 783 1165 902 1226; x_wconf 84' lang='lat' dir='ltr'><strong>Falesce</strong></span> <span class='ocrx_word' id='word_1_60' title='bbox 932 1165 1000 1244; x_wconf 92' lang='lat' dir='ltr'><strong>quei</strong></span> <span class='ocrx_word' id='word_1_61' title='bbox 1028 1165 1060 1224; x_wconf 90' lang='lat' dir='ltr'><strong>in</strong></span> <span class='ocrx_word' id='word_1_62' title='bbox 1083 1165 1214 1226; x_wconf 90' lang='lat' dir='ltr'><strong>Sardinia</strong></span> <span class='ocrx_word' id='word_1_63' title='bbox 1237 1175 1309 1226; x_wconf 89' lang='lat' dir='ltr'><strong>sunt</strong></span> <span class='ocrx_word' id='word_1_64' title='bbox 1335 1165 1339 1245; x_wconf 99' lang='grc' dir='ltr'>Ι</span> <span class='ocrx_word' id='word_1_65' title='bbox 1366 1167 1490 1227; x_wconf 89' lang='lat' dir='ltr'><strong>donum</strong></span> 
     </span>
     <span class='ocr_line' id='line_1_9' title="bbox 330 1261 1489 1346; baseline 0 -20"><span class='ocrx_word' id='word_1_66' title='bbox 330 1266 478 1326; x_wconf 89' lang='lat' dir='ltr'><strong>dederunt</strong></span> <span class='ocrx_word' id='word_1_67' title='bbox 507 1264 672 1342; x_wconf 82' lang='lat' dir='ltr'><strong>magistreis</strong></span> <span class='ocrx_word' id='word_1_68' title='bbox 692 1261 696 1343; x_wconf 99' lang='grc' dir='ltr'>Ι</span> <span class='ocrx_word' id='word_1_69' title='bbox 716 1263 748 1324; x_wconf 94' lang='lat' dir='ltr'><strong>L.</strong></span> <span class='ocrx_word' id='word_1_70' title='bbox 771 1264 888 1325; x_wconf 88' lang='lat' dir='ltr'><strong>Latrius</strong></span> <span class='ocrx_word' id='word_1_71' title='bbox 910 1263 944 1324; x_wconf 86' lang='lat' dir='ltr'><strong>ll.</strong></span> <span class='ocrx_word' id='word_1_72' title='bbox 967 1263 988 1323; x_wconf 85' lang='lat' dir='ltr'><strong>l.</strong></span> <span class='ocrx_word' id='word_1_73' title='bbox 1012 1264 1042 1326; x_wconf 92' lang='lat' dir='ltr'><strong>C.</strong></span> <span class='ocrx_word' id='word_1_74' title='bbox 1067 1262 1215 1343; x_wconf 56' lang='lat' dir='ltr'><strong>Sullamne</strong></span> <span class='ocrx_word' id='word_1_75' title='bbox 1241 1265 1331 1326; x_wconf 86' lang='lat' dir='ltr'><strong>Voltai</strong></span> <span class='ocrx_word' id='word_1_76' title='bbox 1354 1265 1373 1326; x_wconf 78' lang='grc'>1</span> <span class='ocrx_word' id='word_1_77' title='bbox 1394 1262 1399 1346; x_wconf 98' lang='grc' dir='ltr'>Ι</span> <span class='ocrx_word' id='word_1_78' title='bbox 1421 1309 1430 1325; x_wconf 93' lang='grc'><strong>.</strong></span> <span class='ocrx_word' id='word_1_79' title='bbox 1451 1310 1489 1326; x_wconf 90' lang='grc'><strong>..</strong></span> 
     </span>
     <span class='ocr_line' id='line_1_10' title="bbox 330 1362 571 1441; baseline -0.008 -17"><span class='ocrx_word' id='word_1_80' title='bbox 330 1362 571 1441; x_wconf 75' lang='lat' dir='ltr'><strong>coiraverout⁹⁵).</strong></span> 
     </span>
    </p>

    <p class='ocr_par' dir='ltr' id='par_1_3' title="bbox 330 1460 1490 2333">
     <span class='ocr_line' id='line_1_11' title="bbox 415 1460 1490 1540; baseline 0.001 -19"><span class='ocrx_word' id='word_1_81' title='bbox 415 1461 534 1534; x_wconf 86' lang='lat' dir='ltr'><strong>Falerii,</strong></span> <span class='ocrx_word' id='word_1_82' title='bbox 575 1460 715 1540; x_wconf 90' lang='lat' dir='ltr'><strong>oppidum</strong></span> <span class='ocrx_word' id='word_1_83' title='bbox 754 1461 983 1539; x_wconf 89' lang='lat' dir='ltr'><strong>perantiquum,</strong></span> <span class='ocrx_word' id='word_1_84' title='bbox 1022 1461 1102 1539; x_wconf 91' lang='lat' dir='ltr'><strong>quod</strong></span> <span class='ocrx_word' id='word_1_85' title='bbox 1140 1460 1257 1540; x_wconf 83' lang='lat' dir='ltr'><strong>Dionys.</strong></span> <span class='ocrx_word' id='word_1_86' title='bbox 1281 1461 1294 1521; x_wconf 94' lang='grc' dir='ltr'>Ι</span> <span class='ocrx_word' id='word_1_87' title='bbox 1317 1462 1356 1520; x_wconf 83' lang='lat'><strong>21</strong></span> <span class='ocrx_word' id='word_1_88' title='bbox 1398 1461 1490 1522; x_wconf 87' lang='lat' dir='ltr'><strong>inter</strong></span> 
     </span>
     <span class='ocr_line' id='line_1_12' title="bbox 331 1559 1488 1640; baseline -0.003 -16"><span class='ocrx_word' id='word_1_89' title='bbox 331 1561 547 1624; x_wconf 85' lang='lat' dir='ltr'><strong>vetustissimas</strong></span> <span class='ocrx_word' id='word_1_90' title='bbox 570 1559 735 1621; x_wconf 91' lang='lat' dir='ltr'><strong>Siculorum</strong></span> <span class='ocrx_word' id='word_1_91' title='bbox 759 1559 887 1620; x_wconf 89' lang='lat' dir='ltr'><strong>colonias</strong></span> <span class='ocrx_word' id='word_1_92' title='bbox 912 1569 1075 1636; x_wconf 77' lang='lat' dir='ltr'><strong>enumerat,</strong></span> <span class='ocrx_word' id='word_1_93' title='bbox 1099 1569 1183 1620; x_wconf 91' lang='lat' dir='ltr'><strong>erant</strong></span> <span class='ocrx_word' id='word_1_94' title='bbox 1205 1560 1237 1620; x_wconf 90' lang='lat' dir='ltr'><strong>in</strong></span> <span class='ocrx_word' id='word_1_95' title='bbox 1259 1579 1330 1620; x_wconf 84' lang='lat' dir='ltr'><strong>saro</strong></span> <span class='ocrx_word' id='word_1_96' title='bbox 1353 1562 1488 1640; x_wconf 89' lang='lat' dir='ltr'><strong>derupto</strong></span> 
     </span>
     <span class='ocr_line' id='line_1_13' title="bbox 330 1658 1488 1740; baseline -0.001 -19"><span class='ocrx_word' id='word_1_97' title='bbox 330 1674 418 1740; x_wconf 82' lang='lat' dir='ltr'><strong>atque</strong></span> <span class='ocrx_word' id='word_1_98' title='bbox 441 1658 589 1733; x_wconf 69' lang='lat' dir='ltr'><strong>arduoll).</strong></span> <span class='ocrx_word' id='word_1_99' title='bbox 634 1659 746 1718; x_wconf 89' lang='lat' dir='ltr'><strong>lncolas</strong></span> <span class='ocrx_word' id='word_1_100' title='bbox 770 1677 830 1718; x_wconf 93' lang='lat' dir='ltr'><strong>non</strong></span> <span class='ocrx_word' id='word_1_101' title='bbox 862 1673 965 1718; x_wconf 89' lang='lat' dir='ltr'><strong>omnes</strong></span> <span class='ocrx_word' id='word_1_102' title='bbox 988 1660 1099 1720; x_wconf 89' lang='lat' dir='ltr'><strong>Tuscos</strong></span> <span class='ocrx_word' id='word_1_103' title='bbox 1128 1659 1180 1720; x_wconf 90' lang='lat' dir='ltr'><strong>sed</strong></span> <span class='ocrx_word' id='word_1_104' title='bbox 1208 1678 1275 1720; x_wconf 90' lang='lat' dir='ltr'><strong>cum</strong></span> <span class='ocrx_word' id='word_1_105' title='bbox 1300 1659 1418 1720; x_wconf 87' lang='lat' dir='ltr'><strong>Umbris</strong></span> <span class='ocrx_word' id='word_1_106' title='bbox 1452 1668 1488 1720; x_wconf 88' lang='lat' dir='ltr'><strong>et</strong></span> 
     </span>
     <span class='ocr_line' id='line_1_14' title="bbox 332 1756 1485 1836; baseline -0.002 -16"><span class='ocrx_word' id='word_1_107' title='bbox 332 1759 458 1820; x_wconf 87' lang='lat' dir='ltr'><strong>Sabinos</strong></span> <span class='ocrx_word' id='word_1_108' title='bbox 483 1757 589 1818; x_wconf 88' lang='lat' dir='ltr'><strong>mixtos</strong></span> <span class='ocrx_word' id='word_1_109' title='bbox 613 1757 704 1818; x_wconf 87' lang='lat' dir='ltr'><strong>luisse</strong></span> <span class='ocrx_word' id='word_1_110' title='bbox 721 1756 810 1818; x_wconf 87' lang='lat' dir='ltr'><strong>Ottfr.</strong></span> <span class='ocrx_word' id='word_1_111' title='bbox 827 1757 986 1818; x_wconf 82' lang='lat' dir='ltr'><strong>Muellerus</strong></span> <span class='ocrx_word' id='word_1_112' title='bbox 1009 1757 1134 1836; x_wconf 87' lang='lat' dir='ltr'><strong>probare</strong></span> <span class='ocrx_word' id='word_1_113' title='bbox 1148 1757 1306 1832; x_wconf 81' lang='lat' dir='ltr'><strong>studet⁹⁷).</strong></span> <span class='ocrx_word' id='word_1_114' title='bbox 1350 1759 1485 1818; x_wconf 85' lang='lat' dir='ltr'><strong>Romani</strong></span> 
     </span>
     <span class='ocr_line' id='line_1_15' title="bbox 331 1856 1484 1935; baseline -0.003 -16"><span class='ocrx_word' id='word_1_115' title='bbox 331 1877 398 1920; x_wconf 89' lang='lat' dir='ltr'><strong>eum</strong></span> <span class='ocrx_word' id='word_1_116' title='bbox 416 1858 520 1918; x_wconf 86' lang='lat' dir='ltr'><strong>urbem</strong></span> <span class='ocrx_word' id='word_1_117' title='bbox 544 1856 696 1917; x_wconf 81' lang='lat' dir='ltr'><strong>obsessam</strong></span> <span class='ocrx_word' id='word_1_118' title='bbox 721 1857 897 1918; x_wconf 81' lang='lat' dir='ltr'><strong>delevissent</strong></span> <span class='ocrx_word' id='word_1_119' title='bbox 919 1857 1029 1917; x_wconf 87' lang='lat' dir='ltr'><strong>incolas</strong></span> <span class='ocrx_word' id='word_1_120' title='bbox 1052 1858 1117 1918; x_wconf 88' lang='lat' dir='ltr'><strong>loco</strong></span> <span class='ocrx_word' id='word_1_121' title='bbox 1140 1858 1244 1918; x_wconf 89' lang='lat' dir='ltr'><strong>cedere</strong></span> <span class='ocrx_word' id='word_1_122' title='bbox 1265 1857 1340 1917; x_wconf 93' lang='lat' dir='ltr'><strong>etin</strong></span> <span class='ocrx_word' id='word_1_123' title='bbox 1357 1857 1484 1935; x_wconf 86' lang='lat' dir='ltr'><strong>planitie</strong></span> 
     </span>
     <span class='ocr_line' id='line_1_16' title="bbox 331 1955 1483 2034; baseline -0.001 -18"><span class='ocrx_word' id='word_1_124' title='bbox 331 1956 463 2017; x_wconf 89' lang='lat' dir='ltr'><strong>habitare</strong></span> <span class='ocrx_word' id='word_1_125' title='bbox 486 1965 656 2033; x_wconf 84' lang='lat' dir='ltr'><strong>coegerunt.</strong></span> <span class='ocrx_word' id='word_1_126' title='bbox 701 1955 847 2028; x_wconf 83' lang='lat' dir='ltr'><strong>Quicum</strong></span> <span class='ocrx_word' id='word_1_127' title='bbox 873 1974 983 2016; x_wconf 90' lang='lat' dir='ltr'><strong>novum</strong></span> <span class='ocrx_word' id='word_1_128' title='bbox 1000 1956 1142 2034; x_wconf 91' lang='lat' dir='ltr'><strong>oppidum</strong></span> <span class='ocrx_word' id='word_1_129' title='bbox 1166 1955 1282 2016; x_wconf 92' lang='lat' dir='ltr'><strong>colonia</strong></span> <span class='ocrx_word' id='word_1_130' title='bbox 1306 1956 1483 2016; x_wconf 91' lang='lat' dir='ltr'><strong>deducenda</strong></span> 
     </span>
     <span class='ocr_line' id='line_1_17' title="bbox 331 2054 1482 2134; baseline -0.002 -18"><span class='ocrx_word' id='word_1_131' title='bbox 331 2057 459 2116; x_wconf 89' lang='lat' dir='ltr'><strong>condere</strong></span> <span class='ocrx_word' id='word_1_132' title='bbox 482 2061 656 2126; x_wconf 86' lang='lat' dir='ltr'><strong>statuerent,</strong></span> <span class='ocrx_word' id='word_1_133' title='bbox 681 2073 741 2114; x_wconf 92' lang='lat' dir='ltr'><strong>non</strong></span> <span class='ocrx_word' id='word_1_134' title='bbox 765 2062 893 2115; x_wconf 89' lang='lat' dir='ltr'><strong>veterem</strong></span> <span class='ocrx_word' id='word_1_135' title='bbox 917 2055 1023 2115; x_wconf 92' lang='lat' dir='ltr'><strong>urbem</strong></span> <span class='ocrx_word' id='word_1_136' title='bbox 1047 2075 1080 2116; x_wconf 91' lang='lat' dir='ltr'><strong>ea</strong></span> <span class='ocrx_word' id='word_1_137' title='bbox 1103 2063 1201 2116; x_wconf 91' lang='lat' dir='ltr'><strong>aetate</strong></span> <span class='ocrx_word' id='word_1_138' title='bbox 1223 2057 1310 2134; x_wconf 92' lang='lat' dir='ltr'><strong>plane</strong></span> <span class='ocrx_word' id='word_1_139' title='bbox 1332 2054 1482 2116; x_wconf 89' lang='lat' dir='ltr'><strong>desertam</strong></span> 
     </span>
     <span class='ocr_line' id='line_1_18' title="bbox 330 2153 1481 2232; baseline -0.001 -17"><span class='ocrx_word' id='word_1_140' title='bbox 330 2153 434 2215; x_wconf 91' lang='lat' dir='ltr'><strong>incolis</strong></span> <span class='ocrx_word' id='word_1_141' title='bbox 462 2154 660 2232; x_wconf 89' lang='lat' dir='ltr'><strong>impleverunt</strong></span> <span class='ocrx_word' id='word_1_142' title='bbox 688 2153 740 2213; x_wconf 90' lang='lat' dir='ltr'><strong>sed</strong></span> <span class='ocrx_word' id='word_1_143' title='bbox 766 2153 800 2214; x_wconf 90' lang='lat' dir='ltr'><strong>in</strong></span> <span class='ocrx_word' id='word_1_144' title='bbox 829 2155 916 2232; x_wconf 90' lang='lat' dir='ltr'><strong>plano</strong></span> <span class='ocrx_word' id='word_1_145' title='bbox 939 2155 1002 2214; x_wconf 90' lang='lat' dir='ltr'><strong>solo</strong></span> <span class='ocrx_word' id='word_1_146' title='bbox 1027 2153 1173 2214; x_wconf 90' lang='lat' dir='ltr'><strong>coloniam</strong></span> <span class='ocrx_word' id='word_1_147' title='bbox 1197 2154 1419 2214; x_wconf 89' lang='lat' dir='ltr'><strong>constituerunt</strong></span> <span class='ocrx_word' id='word_1_148' title='bbox 1445 2174 1481 2215; x_wconf 92' lang='lat' dir='ltr'><strong>eo</strong></span> 
     </span>
     <span class='ocr_line' id='line_1_19' title="bbox 331 2251 1420 2333; baseline -0.003 -18"><span class='ocrx_word' id='word_1_149' title='bbox 331 2256 405 2328; x_wconf 90' lang='lat' dir='ltr'><strong>loeo,</strong></span> <span class='ocrx_word' id='word_1_150' title='bbox 429 2254 480 2333; x_wconf 92' lang='lat' dir='ltr'><strong>qui</strong></span> <span class='ocrx_word' id='word_1_151' title='bbox 503 2271 584 2313; x_wconf 88' lang='lat' dir='ltr'><strong>nunc</strong></span> <span class='ocrx_word' id='word_1_152' title='bbox 607 2271 727 2332; x_wconf 89' lang='lat' dir='ltr'><strong>quoque</strong></span> <span class='ocrx_word' id='word_1_153' title='bbox 751 2253 780 2312; x_wconf 91' lang='lat' dir='ltr'><strong>S.</strong></span> <span class='ocrx_word' id='word_1_154' title='bbox 805 2253 893 2314; x_wconf 87' lang='lat' dir='ltr'><strong>Maria</strong></span> <span class='ocrx_word' id='word_1_155' title='bbox 918 2252 948 2312; x_wconf 91' lang='lat' dir='ltr'><strong>di</strong></span> <span class='ocrx_word' id='word_1_156' title='bbox 970 2253 1066 2312; x_wconf 86' lang='lat' dir='ltr'><strong>Falari</strong></span> <span class='ocrx_word' id='word_1_157' title='bbox 1090 2252 1221 2331; x_wconf 76' lang='lat' dir='ltr'><strong>(Falleri)</strong></span> <span class='ocrx_word' id='word_1_158' title='bbox 1245 2251 1420 2328; x_wconf 67' lang='lat' dir='ltr'><strong>vocatur02).</strong></span> 
     </span>
    </p>

    <p class='ocr_par' dir='ltr' id='par_1_4' title="bbox 330 2350 1480 2628">
     <span class='ocr_line' id='line_1_20' title="bbox 418 2350 1480 2432; baseline -0.003 -19"><span class='ocrx_word' id='word_1_159' title='bbox 418 2354 505 2414; x_wconf 85' lang='lat' dir='ltr'><strong>Vetus</strong></span> <span class='ocrx_word' id='word_1_160' title='bbox 528 2360 626 2414; x_wconf 86' lang='lat' dir='ltr'><strong>autem</strong></span> <span class='ocrx_word' id='word_1_161' title='bbox 651 2353 792 2432; x_wconf 90' lang='lat' dir='ltr'><strong>oppidum</strong></span> <span class='ocrx_word' id='word_1_162' title='bbox 817 2371 897 2412; x_wconf 88' lang='lat' dir='ltr'><strong>nuuc</strong></span> <span class='ocrx_word' id='word_1_163' title='bbox 920 2359 964 2413; x_wconf 90' lang='lat' dir='ltr'><strong>est</strong></span> <span class='ocrx_word' id='word_1_164' title='bbox 986 2351 1062 2411; x_wconf 77' lang='lat' dir='ltr'><strong>Citta</strong></span> <span class='ocrx_word' id='word_1_165' title='bbox 1085 2351 1255 2412; x_wconf 88' lang='lat' dir='ltr'><strong>Castellana.</strong></span> <span class='ocrx_word' id='word_1_166' title='bbox 1300 2351 1375 2412; x_wconf 92' lang='lat' dir='ltr'><strong>Cum</strong></span> <span class='ocrx_word' id='word_1_167' title='bbox 1397 2350 1480 2411; x_wconf 86' lang='lat' dir='ltr'><strong>enim</strong></span> 
     </span>
     <span class='ocr_line' id='line_1_21' title="bbox 330 2449 1479 2528; baseline -0.002 -16"><span class='ocrx_word' id='word_1_168' title='bbox 330 2451 477 2512; x_wconf 92' lang='lat' dir='ltr'><strong>triumviri</strong></span> <span class='ocrx_word' id='word_1_169' title='bbox 511 2471 545 2512; x_wconf 88' lang='lat' dir='ltr'><strong>eo</strong></span> <span class='ocrx_word' id='word_1_170' title='bbox 574 2452 719 2512; x_wconf 90' lang='lat' dir='ltr'><strong>coloniam</strong></span> <span class='ocrx_word' id='word_1_171' title='bbox 751 2451 950 2521; x_wconf 86' lang='lat' dir='ltr'><strong>deducerent,</strong></span> <span class='ocrx_word' id='word_1_172' title='bbox 985 2467 1046 2510; x_wconf 91' lang='lat' dir='ltr'><strong>non</strong></span> <span class='ocrx_word' id='word_1_173' title='bbox 1076 2449 1105 2510; x_wconf 92' lang='lat' dir='ltr'><strong>id</strong></span> <span class='ocrx_word' id='word_1_174' title='bbox 1137 2458 1275 2528; x_wconf 85' lang='lat' dir='ltr'><strong>egerunt,</strong></span> <span class='ocrx_word' id='word_1_175' title='bbox 1305 2461 1338 2510; x_wconf 91' lang='lat' dir='ltr'><strong>ut</strong></span> <span class='ocrx_word' id='word_1_176' title='bbox 1360 2457 1479 2528; x_wconf 86' lang='lat' dir='ltr'><strong>gentem</strong></span> 
     </span>
     <span class='ocr_line' id='line_1_22' title="bbox 331 2547 1477 2628; baseline -0.002 -16"><span class='ocrx_word' id='word_1_177' title='bbox 331 2559 505 2612; x_wconf 86' lang='lat' dir='ltr'><strong>coercerent</strong></span> <span class='ocrx_word' id='word_1_178' title='bbox 533 2551 585 2611; x_wconf 92' lang='lat' dir='ltr'><strong>sed</strong></span> <span class='ocrx_word' id='word_1_179' title='bbox 615 2557 649 2611; x_wconf 92' lang='lat' dir='ltr'><strong>ut</strong></span> <span class='ocrx_word' id='word_1_180' title='bbox 672 2561 826 2610; x_wconf 87' lang='lat' dir='ltr'><strong>veteranos</strong></span> <span class='ocrx_word' id='word_1_181' title='bbox 849 2549 926 2628; x_wconf 84' lang='lat' dir='ltr'><strong>agris</strong></span> <span class='ocrx_word' id='word_1_182' title='bbox 949 2549 1133 2621; x_wconf 89' lang='lat' dir='ltr'><strong>adiuvarent,</strong></span> <span class='ocrx_word' id='word_1_183' title='bbox 1163 2567 1251 2628; x_wconf 90' lang='lat' dir='ltr'><strong>quam</strong></span> <span class='ocrx_word' id='word_1_184' title='bbox 1279 2547 1317 2609; x_wconf 90' lang='lat' dir='ltr'><strong>ob</strong></span> <span class='ocrx_word' id='word_1_185' title='bbox 1341 2567 1403 2610; x_wconf 90' lang='lat' dir='ltr'><strong>rem</strong></span> <span class='ocrx_word' id='word_1_186' title='bbox 1426 2567 1477 2610; x_wconf 90' lang='lat' dir='ltr'><strong>eo·</strong></span> 
     </span>
    </p>
   </div>
   <div class='ocr_carea' id='block_1_3' title="bbox 331 2647 1476 2729">
    <p class='ocr_par' dir='ltr' id='par_1_5' title="bbox 331 2647 1476 2729">
     <span class='ocr_line' id='line_1_23' title="bbox 331 2647 1476 2729; baseline -0.003 -18"><span class='ocrx_word' id='word_1_187' title='bbox 331 2651 441 2713; x_wconf 88' lang='lat' dir='ltr'><strong>leniam</strong></span> <span class='ocrx_word' id='word_1_188' title='bbox 465 2650 496 2710; x_wconf 91' lang='lat' dir='ltr'><strong>in</strong></span> <span class='ocrx_word' id='word_1_189' title='bbox 519 2649 640 2729; x_wconf 89' lang='lat' dir='ltr'><strong>planitie</strong></span> <span class='ocrx_word' id='word_1_190' title='bbox 662 2649 753 2710; x_wconf 90' lang='lat' dir='ltr'><strong>fuisse</strong></span> <span class='ocrx_word' id='word_1_191' title='bbox 775 2651 874 2709; x_wconf 89' lang='lat' dir='ltr'><strong>lacere</strong></span> <span class='ocrx_word' id='word_1_192' title='bbox 897 2667 958 2710; x_wconf 88' lang='lat' dir='ltr'><strong>nou</strong></span> <span class='ocrx_word' id='word_1_193' title='bbox 981 2665 1142 2727; x_wconf 90' lang='lat' dir='ltr'><strong>possumus</strong></span> <span class='ocrx_word' id='word_1_194' title='bbox 1165 2647 1237 2726; x_wconf 84' lang='lat' dir='ltr'><strong>quin</strong></span> <span class='ocrx_word' id='word_1_195' title='bbox 1252 2647 1476 2728; x_wconf 83' lang='lat' dir='ltr'><strong>statuamus⁹⁹).</strong></span> 
     </span>
    </p>
   </div>
   <div class='ocr_carea' id='block_1_4' title="bbox 823 2825 985 2880">
    <p class='ocr_par' dir='ltr' id='par_1_6' title="bbox 823 2825 985 2880">
     <span class='ocr_line' id='line_1_24' title="bbox 823 2825 985 2880; baseline 0 0"><span class='ocrx_word' id='word_1_196' title='bbox 823 2825 985 2880; x_wconf 79' lang='lat' dir='ltr'><strong>Faesulae.</strong></span> 
     </span>
    </p>
   </div>
   <div class='ocr_carea' id='block_1_5' title="bbox 332 2929 1478 3110">
    <p class='ocr_par' dir='ltr' id='par_1_7' title="bbox 332 2929 1478 3110">
     <span class='ocr_line' id='line_1_25' title="bbox 416 2929 1478 3010; baseline 0.001 -17"><span class='ocrx_word' id='word_1_197' title='bbox 416 2938 492 2994; x_wconf 81' lang='lat' dir='ltr'><strong>Ante</strong></span> <span class='ocrx_word' id='word_1_198' title='bbox 520 2931 575 2992; x_wconf 91' lang='lat' dir='ltr'><strong>hos</strong></span> <span class='ocrx_word' id='word_1_199' title='bbox 606 2941 667 2992; x_wconf 87' lang='lat' dir='ltr'><strong>tres</strong></span> <span class='ocrx_word' id='word_1_200' title='bbox 696 2947 790 2992; x_wconf 89' lang='lat' dir='ltr'><strong>annos</strong></span> <span class='ocrx_word' id='word_1_201' title='bbox 819 2931 949 2992; x_wconf 84' lang='lat' dir='ltr'><strong>Faesulis</strong></span> <span class='ocrx_word' id='word_1_202' title='bbox 976 2930 1008 2992; x_wconf 92' lang='lat' dir='ltr'><strong>in</strong></span> <span class='ocrx_word' id='word_1_203' title='bbox 1039 2931 1101 2992; x_wconf 91' lang='lat' dir='ltr'><strong>loco</strong></span> <span class='ocrx_word' id='word_1_204' title='bbox 1125 2929 1228 3009; x_wconf 88' lang='lat' dir='ltr'><strong>templi</strong></span> <span class='ocrx_word' id='word_1_205' title='bbox 1251 2929 1405 3010; x_wconf 88' lang='lat' dir='ltr'><strong>Capitolini</strong></span> <span class='ocrx_word' id='word_1_206' title='bbox 1428 2951 1478 2994; x_wconf 88' lang='lat' dir='ltr'><strong>re-</strong></span> 
     </span>
     <span class='ocr_line' id='line_1_26' title="bbox 332 3030 709 3110; baseline 0 -20"><span class='ocrx_word' id='word_1_207' title='bbox 332 3041 433 3110; x_wconf 87' lang='lat' dir='ltr'><strong>pertus</strong></span> <span class='ocrx_word' id='word_1_208' title='bbox 456 3039 501 3090; x_wconf 92' lang='lat' dir='ltr'><strong>est</strong></span> <span class='ocrx_word' id='word_1_209' title='bbox 522 3030 624 3091; x_wconf 87' lang='lat' dir='ltr'><strong>titulus</strong></span> <span class='ocrx_word' id='word_1_210' title='bbox 647 3031 709 3091; x_wconf 91' lang='lat' dir='ltr'><strong>hic:</strong></span> 
     </span>
    </p>
   </div>
   <div class='ocr_carea' id='block_1_6' title="bbox 331 3145 1486 4526">
    <p class='ocr_par' dir='ltr' id='par_1_8' title="bbox 331 3145 1486 3626">
     <span class='ocr_line' id='line_1_27' title="bbox 399 3145 1478 3216; baseline 0 -16"><span class='ocrx_word' id='word_1_211' title='bbox 399 3153 433 3216; x_wconf 79' lang='lat'><strong>⁹⁴)</strong></span> <span class='ocrx_word' id='word_1_212' title='bbox 452 3149 511 3216; x_wconf 88' lang='lat' dir='ltr'><strong>Imp.</strong></span> <span class='ocrx_word' id='word_1_213' title='bbox 540 3151 649 3202; x_wconf 77' lang='lat' dir='ltr'><strong>Caesare</strong></span> <span class='ocrx_word' id='word_1_214' title='bbox 669 3150 672 3214; x_wconf 94' lang='grc' dir='ltr'>Ι</span> <span class='ocrx_word' id='word_1_215' title='bbox 692 3149 805 3200; x_wconf 88' lang='lat' dir='ltr'><strong>Traiano</strong></span> <span class='ocrx_word' id='word_1_216' title='bbox 831 3149 960 3199; x_wconf 87' lang='lat' dir='ltr'><strong>lladriauo</strong></span> <span class='ocrx_word' id='word_1_217' title='bbox 980 3149 984 3214; x_wconf 98' lang='grc' dir='ltr'>Ι</span> <span class='ocrx_word' id='word_1_218' title='bbox 1005 3151 1067 3210; x_wconf 80' lang='lat' dir='ltr'><strong>Aug.</strong></span> <span class='ocrx_word' id='word_1_219' title='bbox 1096 3146 1128 3198; x_wconf 94' lang='lat' dir='ltr'><strong>lll</strong></span> <span class='ocrx_word' id='word_1_220' title='bbox 1147 3145 1278 3213; x_wconf 80' lang='lat' dir='ltr'><strong>coslvia</strong></span> <span class='ocrx_word' id='word_1_221' title='bbox 1307 3165 1374 3200; x_wconf 89' lang='lat' dir='ltr'><strong>nova</strong></span> <span class='ocrx_word' id='word_1_222' title='bbox 1396 3156 1478 3200; x_wconf 82' lang='lat' dir='ltr'><strong>strata</strong></span> 
     </span>
     <span class='ocr_line' id='line_1_28' title="bbox 331 3229 1478 3299; baseline -0.003 -15"><span class='ocrx_word' id='word_1_223' title='bbox 331 3234 416 3298; x_wconf 90' lang='lat' dir='ltr'><strong>lapide</strong></span> <span class='ocrx_word' id='word_1_224' title='bbox 437 3233 441 3299; x_wconf 98' lang='grc' dir='ltr'>Ι</span> <span class='ocrx_word' id='word_1_225' title='bbox 463 3249 507 3298; x_wconf 90' lang='lat' dir='ltr'><strong>per</strong></span> <span class='ocrx_word' id='word_1_226' title='bbox 533 3235 640 3284; x_wconf 88' lang='lat' dir='ltr'><strong>medium</strong></span> <span class='ocrx_word' id='word_1_227' title='bbox 667 3231 748 3282; x_wconf 91' lang='lat' dir='ltr'><strong>lorum</strong></span> <span class='ocrx_word' id='word_1_228' title='bbox 776 3231 942 3296; x_wconf 73' lang='lat' dir='ltr'><strong>pecuarlinm)</strong></span> <span class='ocrx_word' id='word_1_229' title='bbox 962 3231 966 3296; x_wconf 93' lang='grc' dir='ltr'>Ι</span> <span class='ocrx_word' id='word_1_230' title='bbox 987 3247 1002 3280; x_wconf 91' lang='lat' dir='ltr'><strong>a</strong></span> <span class='ocrx_word' id='word_1_231' title='bbox 1025 3246 1120 3280; x_wconf 77' lang='lat' dir='ltr'><strong>sunmo</strong></span> <span class='ocrx_word' id='word_1_232' title='bbox 1148 3229 1204 3280; x_wconf 88' lang='lat' dir='ltr'><strong>vico</strong></span> <span class='ocrx_word' id='word_1_233' title='bbox 1224 3230 1299 3293; x_wconf 87' lang='lat' dir='ltr'><strong>longo</strong></span> <span class='ocrx_word' id='word_1_234' title='bbox 1319 3232 1349 3280; x_wconf 86' lang='lat' dir='ltr'><strong>ad</strong></span> <span class='ocrx_word' id='word_1_235' title='bbox 1369 3230 1374 3296; x_wconf 93' lang='grc' dir='ltr'>Ι</span> <span class='ocrx_word' id='word_1_236' title='bbox 1393 3246 1478 3280; x_wconf 89' lang='lat' dir='ltr'><strong>arcum</strong></span> 
     </span>
     <span class='ocr_line' id='line_1_29' title="bbox 332 3310 1486 3382; baseline -0.003 -17"><span class='ocrx_word' id='word_1_237' title='bbox 332 3315 445 3365; x_wconf 86' lang='lat' dir='ltr'><strong>iunctum</strong></span> <span class='ocrx_word' id='word_1_238' title='bbox 473 3315 599 3382; x_wconf 89' lang='lat' dir='ltr'><strong>Capitolio</strong></span> <span class='ocrx_word' id='word_1_239' title='bbox 622 3315 625 3380; x_wconf 98' lang='grc' dir='ltr'>Ι</span> <span class='ocrx_word' id='word_1_240' title='bbox 648 3330 679 3364; x_wconf 83' lang='lat' dir='ltr'><strong>ex</strong></span> <span class='ocrx_word' id='word_1_241' title='bbox 707 3314 852 3364; x_wconf 86' lang='lat' dir='ltr'><strong>conlatione</strong></span> <span class='ocrx_word' id='word_1_242' title='bbox 879 3312 1026 3378; x_wconf 87' lang='lat' dir='ltr'><strong>manipretii</strong></span> <span class='ocrx_word' id='word_1_243' title='bbox 1046 3311 1051 3377; x_wconf 96' lang='grc' dir='ltr'>Ι</span> <span class='ocrx_word' id='word_1_244' title='bbox 1071 3327 1246 3378; x_wconf 86' lang='lat' dir='ltr'><strong>possessorum</strong></span> <span class='ocrx_word' id='word_1_245' title='bbox 1265 3310 1432 3362; x_wconf 83' lang='lat' dir='ltr'><strong>circulorum</strong></span> <span class='ocrx_word' id='word_1_246' title='bbox 1450 3319 1486 3372; x_wconf 51' lang='lat' dir='ltr'><strong>et¹</strong></span> 
     </span>
     <span class='ocr_line' id='line_1_30' title="bbox 333 3391 1477 3462; baseline -0.003 -16"><span class='ocrx_word' id='word_1_247' title='bbox 333 3414 363 3447; x_wconf 89' lang='lat' dir='ltr'><strong>ne</strong></span> <span class='ocrx_word' id='word_1_248' title='bbox 379 3395 383 3462; x_wconf 96' lang='grc' dir='ltr'>Ι</span> <span class='ocrx_word' id='word_1_249' title='bbox 399 3398 552 3462; x_wconf 84' lang='lat' dir='ltr'><strong>gotiantiuur</strong></span> <span class='ocrx_word' id='word_1_250' title='bbox 571 3398 631 3447; x_wconf 90' lang='lat' dir='ltr'><strong>item</strong></span> <span class='ocrx_word' id='word_1_251' title='bbox 650 3395 760 3457; x_wconf 80' lang='lat' dir='ltr'><strong>collegia</strong></span> <span class='ocrx_word' id='word_1_252' title='bbox 780 3411 842 3460; x_wconf 91' lang='lat' dir='ltr'><strong>quae</strong></span> <span class='ocrx_word' id='word_1_253' title='bbox 858 3393 861 3456; x_wconf 94' lang='grc' dir='ltr'>Ι</span> <span class='ocrx_word' id='word_1_254' title='bbox 877 3395 1007 3458; x_wconf 82' lang='lat' dir='ltr'><strong>attingunt</strong></span> <span class='ocrx_word' id='word_1_255' title='bbox 1026 3393 1107 3443; x_wconf 87' lang='lat' dir='ltr'><strong>eidem</strong></span> <span class='ocrx_word' id='word_1_256' title='bbox 1126 3391 1182 3441; x_wconf 87' lang='lat' dir='ltr'><strong>loro</strong></span> <span class='ocrx_word' id='word_1_257' title='bbox 1199 3392 1202 3458; x_wconf 97' lang='grc' dir='ltr'>Ι</span> <span class='ocrx_word' id='word_1_258' title='bbox 1218 3391 1238 3442; x_wconf 93' lang='lat' dir='ltr'><strong>ll</strong></span> <span class='ocrx_word' id='word_1_259' title='bbox 1252 3394 1338 3442; x_wconf 85' lang='lat' dir='ltr'><strong>viratu</strong></span> <span class='ocrx_word' id='word_1_260' title='bbox 1352 3431 1357 3442; x_wconf 92' lang='lat'><strong>.</strong></span> <span class='ocrx_word' id='word_1_261' title='bbox 1373 3432 1378 3443; x_wconf 91' lang='lat'><strong>.</strong></span> <span class='ocrx_word' id='word_1_262' title='bbox 1392 3430 1398 3443; x_wconf 92' lang='lat'><strong>.</strong></span> <span class='ocrx_word' id='word_1_263' title='bbox 1413 3430 1418 3442; x_wconf 93' lang='lat'><strong>.</strong></span> <span class='ocrx_word' id='word_1_264' title='bbox 1436 3409 1477 3455; x_wconf 91' lang='lat' dir='ltr'><strong>ap.</strong></span> 
     </span>
     <span class='ocr_line' id='line_1_31' title="bbox 332 3474 1477 3542; baseline -0.005 -12"><span class='ocrx_word' id='word_1_265' title='bbox 332 3479 486 3531; x_wconf 88' lang='lat' dir='ltr'><strong>Wilmanns.</strong></span> <span class='ocrx_word' id='word_1_266' title='bbox 511 3479 558 3527; x_wconf 79' lang='lat' dir='ltr'><strong>llx.</strong></span> <span class='ocrx_word' id='word_1_267' title='bbox 579 3478 642 3540; x_wconf 75' lang='lat'><strong>7943</strong></span> <span class='ocrx_word' id='word_1_268' title='bbox 669 3475 709 3542; x_wconf 89' lang='lat' dir='ltr'><strong>(ap</strong></span> <span class='ocrx_word' id='word_1_269' title='bbox 729 3476 853 3526; x_wconf 86' lang='lat' dir='ltr'><strong>Orellium</strong></span> <span class='ocrx_word' id='word_1_270' title='bbox 872 3493 895 3526; x_wconf 94' lang='lat' dir='ltr'><strong>n.</strong></span> <span class='ocrx_word' id='word_1_271' title='bbox 916 3477 983 3526; x_wconf 80' lang='lat'><strong>3314</strong></span> <span class='ocrx_word' id='word_1_272' title='bbox 1000 3499 1034 3516; x_wconf 96' lang='lat'><strong><em>=</em></strong></span> <span class='ocrx_word' id='word_1_273' title='bbox 1052 3491 1082 3541; x_wconf 91' lang='lat' dir='ltr'><strong>ap</strong></span> <span class='ocrx_word' id='word_1_274' title='bbox 1102 3474 1265 3525; x_wconf 87' lang='lat' dir='ltr'><strong>Morcellium</strong></span> <span class='ocrx_word' id='word_1_275' title='bbox 1283 3491 1337 3540; x_wconf 92' lang='lat' dir='ltr'><strong>opp.</strong></span> <span class='ocrx_word' id='word_1_276' title='bbox 1357 3475 1437 3541; x_wconf 80' lang='lat' dir='ltr'><strong>epign.</strong></span> <span class='ocrx_word' id='word_1_277' title='bbox 1456 3474 1477 3524; x_wconf 94' lang='lat' dir='ltr'><strong>ll</strong></span> 
     </span>
     <span class='ocr_line' id='line_1_32' title="bbox 332 3557 733 3626; baseline -0.01 -14"><span class='ocrx_word' id='word_1_278' title='bbox 332 3564 387 3612; x_wconf 78' lang='lat'><strong>30.</strong></span> <span class='ocrx_word' id='word_1_279' title='bbox 408 3563 422 3612; x_wconf 80' lang='lat' dir='ltr'><strong>&#39;l</strong></span> <span class='ocrx_word' id='word_1_280' title='bbox 442 3565 474 3626; x_wconf 82' lang='lat' dir='ltr'><strong>(p.</strong></span> <span class='ocrx_word' id='word_1_281' title='bbox 494 3561 553 3622; x_wconf 83' lang='lat'><strong>291)</strong></span> <span class='ocrx_word' id='word_1_282' title='bbox 571 3557 603 3609; x_wconf 90' lang='grc' dir='ltr'><strong>ΙΙΙ</strong></span> <span class='ocrx_word' id='word_1_283' title='bbox 623 3576 644 3624; x_wconf 89' lang='lat' dir='ltr'><strong>p.</strong></span> <span class='ocrx_word' id='word_1_284' title='bbox 667 3561 733 3621; x_wconf 87' lang='grc'>101).</span> 
     </span>
    </p>

    <p class='ocr_par' dir='ltr' id='par_1_9' title="bbox 332 3638 1478 3788">
     <span class='ocr_line' id='line_1_33' title="bbox 399 3638 1478 3708; baseline -0.005 -15"><span class='ocrx_word' id='word_1_285' title='bbox 399 3644 430 3704; x_wconf 79' lang='grc'><strong>99)</strong></span> <span class='ocrx_word' id='word_1_286' title='bbox 449 3643 555 3708; x_wconf 77' lang='lat' dir='ltr'><strong>Sylloge</strong></span> <span class='ocrx_word' id='word_1_287' title='bbox 574 3642 690 3708; x_wconf 87' lang='lat' dir='ltr'><strong>inscript.</strong></span> <span class='ocrx_word' id='word_1_288' title='bbox 711 3640 767 3690; x_wconf 91' lang='lat' dir='ltr'><strong>Lat.</strong></span> <span class='ocrx_word' id='word_1_289' title='bbox 787 3639 846 3690; x_wconf 87' lang='lat' dir='ltr'><strong>aevi</strong></span> <span class='ocrx_word' id='word_1_290' title='bbox 865 3638 935 3690; x_wconf 80' lang='lat' dir='ltr'><strong>Rom.</strong></span> <span class='ocrx_word' id='word_1_291' title='bbox 954 3641 993 3690; x_wconf 90' lang='lat' dir='ltr'><strong>rei</strong></span> <span class='ocrx_word' id='word_1_292' title='bbox 1012 3639 1081 3706; x_wconf 87' lang='lat' dir='ltr'><strong>publ.</strong></span> <span class='ocrx_word' id='word_1_293' title='bbox 1106 3653 1185 3703; x_wconf 87' lang='lat' dir='ltr'><strong>usque</strong></span> <span class='ocrx_word' id='word_1_294' title='bbox 1204 3638 1234 3686; x_wconf 90' lang='lat' dir='ltr'><strong>ad</strong></span> <span class='ocrx_word' id='word_1_295' title='bbox 1253 3639 1279 3689; x_wconf 91' lang='lat' dir='ltr'><strong>C.</strong></span> <span class='ocrx_word' id='word_1_296' title='bbox 1302 3639 1398 3688; x_wconf 80' lang='lat' dir='ltr'><strong>lulium</strong></span> <span class='ocrx_word' id='word_1_297' title='bbox 1416 3639 1478 3688; x_wconf 86' lang='lat' dir='ltr'><strong>Cae-</strong></span> 
     </span>
     <span class='ocr_line' id='line_1_34' title="bbox 332 3720 1198 3788; baseline -0.007 -13"><span class='ocrx_word' id='word_1_298' title='bbox 332 3741 413 3776; x_wconf 86' lang='lat' dir='ltr'><strong>sarem</strong></span> <span class='ocrx_word' id='word_1_299' title='bbox 434 3726 472 3775; x_wconf 92' lang='lat' dir='ltr'><strong>ed.</strong></span> <span class='ocrx_word' id='word_1_300' title='bbox 492 3724 520 3774; x_wconf 84' lang='lat' dir='ltr'><strong>ll.</strong></span> <span class='ocrx_word' id='word_1_301' title='bbox 536 3721 693 3774; x_wconf 87' lang='lat' dir='ltr'><strong>Garruceius</strong></span> <span class='ocrx_word' id='word_1_302' title='bbox 712 3723 776 3785; x_wconf 79' lang='lat' dir='ltr'><strong>Aug.</strong></span> <span class='ocrx_word' id='word_1_303' title='bbox 794 3720 870 3771; x_wconf 90' lang='lat' dir='ltr'><strong>Taur.</strong></span> <span class='ocrx_word' id='word_1_304' title='bbox 892 3723 966 3788; x_wconf 82' lang='lat'><strong>1875,</strong></span> <span class='ocrx_word' id='word_1_305' title='bbox 984 3739 1008 3788; x_wconf 84' lang='lat' dir='ltr'><strong>p.</strong></span> <span class='ocrx_word' id='word_1_306' title='bbox 1029 3722 1077 3771; x_wconf 83' lang='lat'><strong>170</strong></span> <span class='ocrx_word' id='word_1_307' title='bbox 1097 3737 1120 3770; x_wconf 89' lang='lat' dir='ltr'><strong>n.</strong></span> <span class='ocrx_word' id='word_1_308' title='bbox 1140 3720 1198 3770; x_wconf 80' lang='lat'><strong>558.</strong></span> 
     </span>
    </p>

    <p class='ocr_par' dir='ltr' id='par_1_10' title="bbox 400 3805 864 3869">
     <span class='ocr_line' id='line_1_35' title="bbox 400 3805 864 3869; baseline -0.009 -12"><span class='ocrx_word' id='word_1_309' title='bbox 400 3809 432 3869; x_wconf 80' lang='grc'><strong>99)</strong></span> <span class='ocrx_word' id='word_1_310' title='bbox 451 3807 582 3857; x_wconf 85' lang='lat' dir='ltr'><strong>Plutarch.</strong></span> <span class='ocrx_word' id='word_1_311' title='bbox 604 3809 660 3858; x_wconf 89' lang='lat' dir='ltr'><strong>vita</strong></span> <span class='ocrx_word' id='word_1_312' title='bbox 679 3805 780 3856; x_wconf 89' lang='lat' dir='ltr'><strong>Camilli</strong></span> <span class='ocrx_word' id='word_1_313' title='bbox 800 3822 821 3855; x_wconf 91' lang='lat' dir='ltr'><strong>c.</strong></span> <span class='ocrx_word' id='word_1_314' title='bbox 841 3806 864 3854; x_wconf 83' lang='lat'><strong>9.</strong></span> 
     </span>
    </p>

    <p class='ocr_par' dir='ltr' id='par_1_11' title="bbox 400 3889 666 3956">
     <span class='ocr_line' id='line_1_36' title="bbox 400 3889 666 3956; baseline -0.004 -17"><span class='ocrx_word' id='word_1_315' title='bbox 400 3890 432 3956; x_wconf 79' lang='grc'><strong>97)</strong></span> <span class='ocrx_word' id='word_1_316' title='bbox 451 3889 506 3939; x_wconf 82' lang='lat' dir='ltr'><strong>Etr.</strong></span> <span class='ocrx_word' id='word_1_317' title='bbox 526 3889 546 3938; x_wconf 87' lang='grc'><strong>19</strong></span> <span class='ocrx_word' id='word_1_318' title='bbox 566 3906 588 3955; x_wconf 93' lang='lat' dir='ltr'><strong>p.</strong></span> <span class='ocrx_word' id='word_1_319' title='bbox 610 3889 666 3938; x_wconf 83' lang='lat'><strong>103.</strong></span> 
     </span>
    </p>

    <p class='ocr_par' dir='ltr' id='par_1_12' title="bbox 331 3966 1479 4197">
     <span class='ocr_line' id='line_1_37' title="bbox 399 3966 1477 4034; baseline 0 -15"><span class='ocrx_word' id='word_1_320' title='bbox 399 3970 433 4033; x_wconf 86' lang='grc'><strong>99)</strong></span> <span class='ocrx_word' id='word_1_321' title='bbox 450 3971 538 4020; x_wconf 88' lang='lat' dir='ltr'><strong>Aliter</strong></span> <span class='ocrx_word' id='word_1_322' title='bbox 557 3969 657 4034; x_wconf 91' lang='lat' dir='ltr'><strong>quidem</strong></span> <span class='ocrx_word' id='word_1_323' title='bbox 676 3969 773 4020; x_wconf 87' lang='lat' dir='ltr'><strong>iudicat</strong></span> <span class='ocrx_word' id='word_1_324' title='bbox 791 3969 820 4019; x_wconf 89' lang='lat'><strong>0.</strong></span> <span class='ocrx_word' id='word_1_325' title='bbox 839 3968 979 4018; x_wconf 85' lang='lat' dir='ltr'><strong>Muellerus</strong></span> <span class='ocrx_word' id='word_1_326' title='bbox 998 3968 1015 4017; x_wconf 94' lang='lat' dir='ltr'><strong>l.</strong></span> <span class='ocrx_word' id='word_1_327' title='bbox 1037 3984 1057 4017; x_wconf 89' lang='lat' dir='ltr'><strong>c.</strong></span> <span class='ocrx_word' id='word_1_328' title='bbox 1078 3966 1087 4016; x_wconf 96' lang='lat' dir='ltr'><strong>l</strong></span> <span class='ocrx_word' id='word_1_329' title='bbox 1105 3984 1127 4033; x_wconf 93' lang='lat' dir='ltr'><strong>p.</strong></span> <span class='ocrx_word' id='word_1_330' title='bbox 1150 3967 1198 4018; x_wconf 76' lang='lat'><strong>104</strong></span> <span class='ocrx_word' id='word_1_331' title='bbox 1216 3968 1272 4016; x_wconf 91' lang='lat' dir='ltr'><strong>adn.</strong></span> <span class='ocrx_word' id='word_1_332' title='bbox 1294 3969 1349 4018; x_wconf 79' lang='lat'><strong>104.</strong></span> <span class='ocrx_word' id='word_1_333' title='bbox 1387 3968 1477 4019; x_wconf 87' lang='lat' dir='ltr'><strong>Verum</strong></span> 
     </span>
     <span class='ocr_line' id='line_1_38' title="bbox 331 4047 1479 4116; baseline -0.001 -14"><span class='ocrx_word' id='word_1_334' title='bbox 331 4060 414 4102; x_wconf 88' lang='lat' dir='ltr'><strong>tamen</strong></span> <span class='ocrx_word' id='word_1_335' title='bbox 442 4052 539 4102; x_wconf 88' lang='lat' dir='ltr'><strong>vidisse</strong></span> <span class='ocrx_word' id='word_1_336' title='bbox 566 4051 627 4100; x_wconf 89' lang='lat' dir='ltr'><strong>mihi</strong></span> <span class='ocrx_word' id='word_1_337' title='bbox 657 4051 760 4101; x_wconf 88' lang='lat' dir='ltr'><strong>videtur</strong></span> <span class='ocrx_word' id='word_1_338' title='bbox 785 4049 814 4100; x_wconf 85' lang='lat' dir='ltr'><strong>G.</strong></span> <span class='ocrx_word' id='word_1_339' title='bbox 842 4051 936 4100; x_wconf 89' lang='lat' dir='ltr'><strong>Dennis</strong></span> <span class='ocrx_word' id='word_1_340' title='bbox 967 4049 1013 4099; x_wconf 88' lang='lat' dir='ltr'><strong>Die</strong></span> <span class='ocrx_word' id='word_1_341' title='bbox 1041 4047 1129 4098; x_wconf 79' lang='lat' dir='ltr'><strong>Stiidte</strong></span> <span class='ocrx_word' id='word_1_342' title='bbox 1160 4049 1210 4097; x_wconf 93' lang='lat' dir='ltr'><strong>und</strong></span> <span class='ocrx_word' id='word_1_343' title='bbox 1244 4048 1479 4116; x_wconf 74' lang='lat' dir='ltr'><strong>Begriibnisspllitze</strong></span> 
     </span>
     <span class='ocr_line' id='line_1_39' title="bbox 331 4128 1399 4197; baseline -0.001 -15"><span class='ocrx_word' id='word_1_344' title='bbox 331 4132 468 4182; x_wconf 82' lang='lat' dir='ltr'><strong>Etruriens</strong></span> <span class='ocrx_word' id='word_1_345' title='bbox 487 4148 510 4197; x_wconf 91' lang='lat' dir='ltr'><strong>p.</strong></span> <span class='ocrx_word' id='word_1_346' title='bbox 530 4132 618 4196; x_wconf 76' lang='lat' dir='ltr'><strong>tesq.;</strong></span> <span class='ocrx_word' id='word_1_347' title='bbox 636 4129 668 4181; x_wconf 87' lang='lat' dir='ltr'><strong>el.</strong></span> <span class='ocrx_word' id='word_1_348' title='bbox 687 4132 790 4182; x_wconf 90' lang='lat' dir='ltr'><strong>Cluver.</strong></span> <span class='ocrx_word' id='word_1_349' title='bbox 810 4131 867 4181; x_wconf 89' lang='lat' dir='ltr'><strong>ltal.</strong></span> <span class='ocrx_word' id='word_1_350' title='bbox 887 4132 967 4196; x_wconf 85' lang='lat' dir='ltr'><strong>antiq.</strong></span> <span class='ocrx_word' id='word_1_351' title='bbox 986 4138 1012 4181; x_wconf 89' lang='lat' dir='ltr'><strong>et</strong></span> <span class='ocrx_word' id='word_1_352' title='bbox 1030 4130 1136 4179; x_wconf 88' lang='lat' dir='ltr'><strong>Holsten</strong></span> <span class='ocrx_word' id='word_1_353' title='bbox 1155 4130 1186 4179; x_wconf 85' lang='lat' dir='ltr'><strong>ed</strong></span> <span class='ocrx_word' id='word_1_354' title='bbox 1205 4128 1277 4180; x_wconf 88' lang='lat' dir='ltr'><strong>Cluv.</strong></span> <span class='ocrx_word' id='word_1_355' title='bbox 1296 4147 1320 4196; x_wconf 91' lang='lat' dir='ltr'><strong>p.</strong></span> <span class='ocrx_word' id='word_1_356' title='bbox 1339 4133 1399 4182; x_wconf 77' lang='lat'><strong>540.</strong></span> 
     </span>
    </p>

    <p class='ocr_par' dir='ltr' id='par_1_13' title="bbox 331 4211 1477 4526">
     <span class='ocr_line' id='line_1_40' title="bbox 400 4211 1477 4280; baseline 0.003 -17"><span class='ocrx_word' id='word_1_357' title='bbox 400 4214 430 4276; x_wconf 90' lang='grc'><strong>99)</strong></span> <span class='ocrx_word' id='word_1_358' title='bbox 454 4213 486 4263; x_wconf 89' lang='lat' dir='ltr'><strong>cl.</strong></span> <span class='ocrx_word' id='word_1_359' title='bbox 510 4213 555 4264; x_wconf 92' lang='lat' dir='ltr'><strong>lib.</strong></span> <span class='ocrx_word' id='word_1_360' title='bbox 580 4213 628 4264; x_wconf 91' lang='lat' dir='ltr'><strong>col.</strong></span> <span class='ocrx_word' id='word_1_361' title='bbox 652 4231 674 4279; x_wconf 94' lang='lat' dir='ltr'><strong>p.</strong></span> <span class='ocrx_word' id='word_1_362' title='bbox 699 4213 757 4278; x_wconf 78' lang='lat'><strong>217,</strong></span> <span class='ocrx_word' id='word_1_363' title='bbox 769 4217 792 4263; x_wconf 86' lang='lat'><strong>5.</strong></span> <span class='ocrx_word' id='word_1_364' title='bbox 829 4211 930 4262; x_wconf 90' lang='lat' dir='ltr'><strong>lunonis</strong></span> <span class='ocrx_word' id='word_1_365' title='bbox 955 4228 1043 4262; x_wconf 89' lang='lat' dir='ltr'><strong>nomen</strong></span> <span class='ocrx_word' id='word_1_366' title='bbox 1070 4211 1185 4262; x_wconf 91' lang='lat' dir='ltr'><strong>coloniae</strong></span> <span class='ocrx_word' id='word_1_367' title='bbox 1212 4213 1321 4280; x_wconf 87' lang='lat' dir='ltr'><strong>inditum</strong></span> <span class='ocrx_word' id='word_1_368' title='bbox 1340 4213 1439 4264; x_wconf 88' lang='lat' dir='ltr'><strong>videtur</strong></span> <span class='ocrx_word' id='word_1_369' title='bbox 1462 4231 1477 4266; x_wconf 87' lang='lat' dir='ltr'><strong>a</strong></span> 
     </span>
     <span class='ocr_line' id='line_1_41' title="bbox 331 4293 1476 4362; baseline -0.001 -16"><span class='ocrx_word' id='word_1_370' title='bbox 331 4297 438 4346; x_wconf 85' lang='lat' dir='ltr'><strong>lunonis</strong></span> <span class='ocrx_word' id='word_1_371' title='bbox 466 4296 537 4346; x_wconf 89' lang='lat' dir='ltr'><strong>cultu</strong></span> <span class='ocrx_word' id='word_1_372' title='bbox 565 4296 590 4346; x_wconf 94' lang='lat' dir='ltr'><strong>in</strong></span> <span class='ocrx_word' id='word_1_373' title='bbox 621 4304 708 4347; x_wconf 88' lang='lat' dir='ltr'><strong>vetera</strong></span> <span class='ocrx_word' id='word_1_374' title='bbox 736 4296 826 4362; x_wconf 90' lang='lat' dir='ltr'><strong>oppido</strong></span> <span class='ocrx_word' id='word_1_375' title='bbox 855 4293 1064 4359; x_wconf 83' lang='lat' dir='ltr'><strong>frequentissimo</strong></span> <span class='ocrx_word' id='word_1_376' title='bbox 1084 4293 1115 4344; x_wconf 86' lang='lat' dir='ltr'><strong>el.</strong></span> <span class='ocrx_word' id='word_1_377' title='bbox 1136 4295 1231 4345; x_wconf 86' lang='lat' dir='ltr'><strong>Cluver</strong></span> <span class='ocrx_word' id='word_1_378' title='bbox 1249 4293 1278 4344; x_wconf 88' lang='lat' dir='ltr'><strong>lt.</strong></span> <span class='ocrx_word' id='word_1_379' title='bbox 1295 4303 1355 4345; x_wconf 80' lang='lat' dir='ltr'><strong>ant.</strong></span> <span class='ocrx_word' id='word_1_380' title='bbox 1374 4311 1396 4361; x_wconf 91' lang='lat' dir='ltr'><strong>p.</strong></span> <span class='ocrx_word' id='word_1_381' title='bbox 1416 4296 1476 4359; x_wconf 71' lang='lat' dir='ltr'><strong>tlt,</strong></span> 
     </span>
     <span class='ocr_line' id='line_1_42' title="bbox 334 4374 1476 4444; baseline 0 -16"><span class='ocrx_word' id='word_1_382' title='bbox 334 4379 362 4428; x_wconf 94' lang='lat'><strong>0.</strong></span> <span class='ocrx_word' id='word_1_383' title='bbox 383 4378 491 4428; x_wconf 89' lang='lat' dir='ltr'><strong>lllueller</strong></span> <span class='ocrx_word' id='word_1_384' title='bbox 509 4377 530 4427; x_wconf 80' lang='lat'><strong>1²</strong></span> <span class='ocrx_word' id='word_1_385' title='bbox 549 4395 571 4444; x_wconf 90' lang='lat' dir='ltr'><strong>p.</strong></span> <span class='ocrx_word' id='word_1_386' title='bbox 593 4378 648 4428; x_wconf 85' lang='lat'><strong>103.</strong></span> <span class='ocrx_word' id='word_1_387' title='bbox 686 4377 823 4428; x_wconf 88' lang='lat' dir='ltr'><strong>Praeterea</strong></span> <span class='ocrx_word' id='word_1_388' title='bbox 842 4376 942 4426; x_wconf 89' lang='lat' dir='ltr'><strong>colonia</strong></span> <span class='ocrx_word' id='word_1_389' title='bbox 961 4376 1057 4426; x_wconf 86' lang='lat' dir='ltr'><strong>dieitur</strong></span> <span class='ocrx_word' id='word_1_390' title='bbox 1076 4375 1159 4426; x_wconf 91' lang='lat' dir='ltr'><strong>Plinio</strong></span> <span class='ocrx_word' id='word_1_391' title='bbox 1178 4377 1201 4426; x_wconf 92' lang='lat' dir='ltr'><strong>h.</strong></span> <span class='ocrx_word' id='word_1_392' title='bbox 1222 4393 1245 4426; x_wconf 90' lang='lat' dir='ltr'><strong>n.</strong></span> <span class='ocrx_word' id='word_1_393' title='bbox 1264 4374 1295 4426; x_wconf 94' lang='lat' dir='ltr'><strong>lll</strong></span> <span class='ocrx_word' id='word_1_394' title='bbox 1314 4378 1358 4426; x_wconf 85' lang='lat'><strong>51:</strong></span> <span class='ocrx_word' id='word_1_395' title='bbox 1376 4375 1476 4428; x_wconf 84' lang='lat' dir='ltr'><strong>Falisca</strong></span> 
     </span>
     <span class='ocr_line' id='line_1_43' title="bbox 332 4457 1165 4526; baseline -0.002 -17"><span class='ocrx_word' id='word_1_396' title='bbox 332 4461 381 4509; x_wconf 92' lang='lat' dir='ltr'><strong>col.</strong></span> <span class='ocrx_word' id='word_1_397' title='bbox 400 4460 479 4524; x_wconf 80' lang='lat' dir='ltr'><strong>Argis</strong></span> <span class='ocrx_word' id='word_1_398' title='bbox 498 4468 563 4526; x_wconf 83' lang='lat' dir='ltr'><strong>orta,</strong></span> <span class='ocrx_word' id='word_1_399' title='bbox 583 4475 645 4526; x_wconf 89' lang='lat' dir='ltr'><strong>quae</strong></span> <span class='ocrx_word' id='word_1_400' title='bbox 665 4459 859 4524; x_wconf 80' lang='lat' dir='ltr'><strong>cognominatur</strong></span> <span class='ocrx_word' id='word_1_401' title='bbox 877 4457 1054 4508; x_wconf 82' lang='lat' dir='ltr'><strong>Etruseorum.</strong></span> <span class='ocrx_word' id='word_1_402' title='bbox 1164 4461 1165 4464; x_wconf 77' lang='grc'>’</span> 
     </span>
    </p>
   </div>
   <div class='ocr_carea' id='block_1_7' title="bbox 0 0 1594 5236">
    <p class='ocr_par' dir='ltr' id='par_1_14' title="bbox 0 0 1594 5236">
     <span class='ocr_line' id='line_1_44' title="bbox 0 0 1594 5236; baseline 0 0"><span class='ocrx_word' id='word_1_403' title='bbox 0 0 1594 5236; x_wconf 95' lang='lat' dir='ltr'><strong> </strong></span> 
     </span>
    </p>
   </div>
  </div>
 </body>
</html>
