3180 5236
599 427 821 490 ..65-

128 603 268 674 tionem,
301 621 377 680 quae
407 621 495 682 supra
527 609 644 682 portam
674 603 703 664 in
731 611 815 682 parte
846 603 970 665 aedificii
1004 605 1126 666 adversa
1159 613 1221 666 erat
1254 613 1283 666 et

129 721 215 789 quae
237 701 324 762 clavis
347 700 445 762 aeneis
468 701 582 780 alligata
605 700 810 780 antiquissima
838 703 924 781 vulgo
949 703 1146 776 existimatur,
1176 703 1282 764 litteris

128 801 232 861 exesis
260 799 304 860 vel
331 799 453 878 direptis
484 809 518 860 ut
544 800 693 861 clavorum
723 801 828 861 auxilio
851 802 1021 862 restitueret
1048 803 1161 864 nemini
1190 802 1285 864 adhuc

130 898 271 976 contigit.
317 900 402 959 Certe
425 915 529 959 omnes
552 897 630 958 illius
652 898 854 960 restituendae
871 909 995 961 conatus
1011 900 1157 961 acuminis
1173 900 1284 970 ludicra

130 995 328 1076 sapiunt¹⁴³).
374 995 523 1058 Ludovico
546 996 609 1058 XlV
631 1005 774 1076 regnante
797 999 950 1060 Colhertus
968 999 1105 1060 minister
1121 999 1284 1062 aedilicium

130 1096 285 1156 Lutetiam
310 1095 488 1157 Parisiorum
512 1104 609 1157 totum
633 1099 793 1158 transferre
809 1099 964 1160 consilium
982 1099 1069 1178 cepit.
1113 1099 1198 1171 Quod
1215 1117 1283 1160 cum

130 1197 217 1256 factu
240 1194 444 1255 difficillimum
470 1195 627 1268 videretur,
651 1215 675 1256 a.
696 1195 775 1256 1670
799 1197 972 1275 Augustinis
996 1214 1049 1276 pro
1072 1196 1191 1258 ecclesia
1209 1216 1283 1260 oon-

133 1312 257 1354 cessum
292 1302 336 1353 est
363 1313 396 1354 oa
424 1293 504 1370 lege,
537 1302 570 1354 nt
596 1293 736 1374 reliquiae
766 1294 905 1374 antiquae
933 1303 1129 1356 servarentur.
1177 1294 1284 1356 Nostro

133 1401 236 1453 autem
261 1393 378 1452 saeculo
401 1391 570 1472 Napoleonc
593 1401 713 1454 auctore
735 1393 805 1453 illud
831 1393 996 1454 aedificium
1022 1411 1157 1456 museum
1182 1411 1284 1455 rerum

133 1489 372 1568 antiquariorum
401 1497 430 1550 et
457 1490 647 1569 pinacotheca
677 1491 788 1552 iactum
812 1501 864 1551 est.
895 1525 937 1534 -
971 1491 1147 1563 Nemausus,
1175 1494 1285 1554 Areco-

135 1589 322 1650 comicorum
339 1597 435 1668 caput,
452 1589 584 1650 coloniae
601 1588 721 1651 Latinae
736 1589 782 1650 ius
798 1610 813 1650 a
830 1590 903 1650 lulio
914 1589 1035 1652 Caesare
1048 1591 1152 1670 adepta
1166 1591 1284 1668 essm).

574 1766 846 1836 Augustodunum.

223 1883 389 1945 Euoacoius
412 1885 515 1945 rhetor
536 1885 584 1946 ille
607 1886 892 1964 Augustoduneosis,
917 1885 967 1966 qui
990 1886 1126 1948 salarium
1151 1903 1283 1947 annuum

134 2003 151 2044 a
176 1982 352 2044 Constantio
380 2001 571 2061 perpensum,
603 1992 636 2044 ut
663 1983 780 2044 scholas
811 1985 991 2057 Aeduorum,
1021 2003 1093 2064 quas
1121 1985 1286 2047 Maenianas

135 2065 233 2153 vocat,
256 2089 446 2154 restauraret,
470 2082 627 2142 maximam
651 2091 764 2160 partem
789 2084 923 2156 eontulit,
948 2105 973 2145 a.
990 2082 1052 2145 296
1068 2103 1095 2163 p.
1114 2083 1180 2145 Chr.
1205 2085 1283 2146 illam

137 2179 242 2241 hahuit
265 2178 430 2240 orationem
461 2197 525 2258 pro
548 2181 813 2241 restaurandis
844 2181 1000 2253 scholis,
1028 2201 1085 2262 qua
1117 2184 1285 2261 provinciae

140 2278 349 2356 Lugdunensis
371 2297 386 2338 a
402 2278 535 2357 praeside
552 2279 633 2357 petit,
658 2287 690 2340 ut
705 2281 954 2341 restaurationem
970 2281 1087 2341 scholae
1102 2279 1284 2354 Maeuianae,

143 2377 304 2453 Bagaudico
336 2377 467 2437 tumultu
495 2386 638 2448 vastatae,
673 2377 856 2456 principibus
885 2379 1080 2440 commendet.
1137 2379 1286 2440 Orationis

140 2485 240 2536 autem
262 2475 294 2536 in
311 2475 404 2555 capite
420 2492 501 2536 nono
518 2476 693 2555 decimoque
715 2476 897 2557 Maeuianam
914 2477 993 2540 inter
1012 2478 1156 2558 templum
1172 2477 1285 2558 Apolli-

138 2574 187 2635 nis
216 2581 246 2634 et
274 2573 463 2653 Capitolium,
495 2574 558 2635 illos
581 2575 664 2654 quasi
689 2575 788 2654 oppidi
812 2577 926 2648 oculos,
957 2577 1041 2638 sitam
1074 2575 1285 2654 descriptae).

138 2750 181 2800 die
201 2748 302 2799 Maisan
321 2743 415 2798 Carre‘e
443 2745 489 2796 aui
509 2746 581 2796 einer
603 2747 665 2796 iiber
684 2748 699 2796 3
719 2747 780 2798 Fcis
803 2749 925 2798 erhiihten
949 2748 1086 2800 Plattlorm
1109 2748 1214 2802 aulhaut
1236 2751 1286 2798 und

137 2833 186 2880 mit
205 2830 285 2879 ihrem
304 2829 367 2878 iiber
387 2827 418 2877 10
437 2827 499 2878 Fuls
517 2826 711 2892 oulstcigcoden
731 2829 860 2880 Unterbau
878 2831 916 2880 uls
929 2829 1069 2896 Zielpuukt
1087 2832 1171 2881 dieser
1189 2831 1286 2894 Anloge

138 2913 239 2962 erhebt.
276 2911 310 2960 lls
329 2911 363 2961 ist
382 2909 475 2960 sonach
493 2909 561 2959 wohl
581 2911 641 2960 lrain
659 2909 779 2974 Zwoilel,
804 2911 859 2962 dass
879 2912 928 2962 wir
952 2913 993 2962 ein
1012 2911 1106 2963 Forum
1129 2913 1154 2962 in
1174 2913 1286 2963 antliam

137 2994 216 3043 Sinnc
236 3009 281 3042 vor
300 3009 345 3042 una
364 2992 444 3042 haban
463 2991 509 3042 mit
527 2993 608 3041 ciuem
628 2991 732 3058 Tempel
751 3009 781 3042 an
802 2995 847 3044 der
866 2994 939 3044 einen
958 2995 1044 3060 Spitzc
1063 2996 1112 3044 und
1131 2996 1213 3045 cinern
1232 3001 1288 3044 ant-

137 3074 312 3143 aprechenden
332 3073 459 3136 noctuae,
481 3073 615 3123 vielleicht
633 3074 705 3124 einer
724 3075 802 3124 Curia
819 3089 850 3124 an
869 3076 915 3125 dar
934 3075 1056 3126 andern“.

207 3156 251 3220 ⁹⁴⁸)
271 3152 386 3220 Sdgnier,
404 3154 578 3205 Dissertatioo
597 3170 642 3204 sur
660 3155 802 3206 l'aooionne
821 3155 974 3223 inscription
1002 3149 1077 3208 da'la
1095 3159 1193 3208 maison
1213 3156 1288 3208 carrd

138 3241 169 3289 de
188 3236 285 3300 Ninica,
304 3237 376 3287 Paris
397 3236 469 3298 1759,
493 3236 596 3285 titulum
620 3237 659 3286 sic
682 3237 813 3287 restitnit:
839 3237 865 3287 C.
890 3238 996 3288 Caesari
1019 3239 1130 3302 Augusti
1149 3238 1166 3289 l.
1186 3255 1238 3289 cos.
1258 3238 1288 3290 L.

138 3321 246 3372 Caesari
269 3319 378 3382 Augusti
401 3317 419 3370 l.
442 3333 495 3368 cos.
512 3317 516 3382 Ι
533 3318 665 3380 designato
681 3317 685 3383 Ι
702 3319 861 3384 principibus
887 3320 1038 3371 iuventutis.
1083 3319 1129 3370 llla
1156 3321 1238 3384 igitur
1265 3321 1289 3370 si

138 3411 238 3454 rectum
256 3403 425 3465 enuclcasset,
443 3400 585 3450 aedilicium
604 3417 626 3451 a.
645 3417 668 3450 u.
688 3417 709 3450 c.
730 3402 779 3450 754
806 3403 838 3450 ad
862 3403 983 3452 honorem
1009 3403 1036 3452 C.
1062 3410 1088 3452 et
1105 3402 1133 3452 L.
1153 3402 1289 3453 Caesarum

139 3484 286 3535 dedicatum
304 3499 361 3534 ossa
381 3497 551 3534 censeremus.
588 3483 623 3532 At
641 3489 712 3533 recte
736 3491 822 3533 monet
845 3483 930 3534 Millin
949 3486 966 3534 1.
985 3501 1016 3547 c.,
1038 3484 1111 3534 illius
1130 3499 1226 3549 quoqne
1245 3500 1288 3533 co·

139 3575 216 3616 natus
234 3567 265 3616 ad
285 3565 418 3616 arbitrium
437 3565 572 3614 institutos
590 3571 665 3628 atqua
689 3579 804 3626 inagnum
828 3564 975 3614 litterarum
993 3579 1123 3614 nonarum
1147 3580 1197 3614 non
1215 3566 1288 3614 modo

139 3665 188 3698 nou
208 3649 235 3698 in
253 3647 414 3699 restituendo
435 3647 578 3711 neglectum
596 3647 640 3695 sed
660 3661 690 3696 na
709 3647 813 3696 eandeua
832 3647 932 3712 quidam
950 3647 1065 3697 litteram
1084 3662 1184 3712 semper
1202 3648 1289 3698 eodem

139 3730 214 3788 modo
235 3737 377 3796 respectam
395 3744 460 3780 esse.

210 3807 654 3875 144)1ι1οιιιιιιι.11ἰιι.11.111533;
680 3807 788 3873 ilar-cog,
813 3809 880 3860 Gall.
899 3807 979 3860 Narh.
998 3823 1051 3874 cap.
1072 3809 1094 3858 1.
1130 3809 1218 3860 Aliter
1235 3809 1290 3876 qni-

143 3895 200 3946 devn
218 3893 351 3959 Zumptius
370 3893 387 3943 l.
407 3909 428 3942 c.
448 3891 457 3942 l
476 3908 500 3958 p.
512 3891 571 3944 413.

117 3967 122 3972 ’
211 3975 255 4041 ²⁴⁵)
273 3975 357 4040 „Quid
375 3981 458 4024 autern
477 3974 556 4038 magis
575 3973 602 4023 in
620 3971 688 4024 facio
705 3973 827 4038 voltuque
840 3972 916 4023 istius
934 3972 1052 4023 civitatis
1070 3972 1147 4024 situm
1166 3981 1206 4024 est
1218 3989 1290 4041 quam

142 4059 205 4108 haec
229 4057 315 4107 cadent
344 4056 477 4108 Maeniana
500 4055 526 4106 in
552 4057 608 4120 ipso
635 4053 748 4105 transitu
771 4054 962 4105 advenientium
984 4055 1033 4104 huc
1064 4055 1291 4107 invictissimorum

143 4140 286 4206 principum
305 4140 463 4190 constituta?
476 4173 502 4189 ..
520 4175 526 4189 .
548 4139 587 4187 Ad
605 4139 661 4201 hoc,
681 4135 723 4187 vir
741 4135 937 4203 perfectissima,
962 4152 1023 4203 opus
1041 4137 1110 4188 istud
1128 4137 1214 4188 reddit
1231 4137 1291 4188 illu-

143 4222 225 4273 strius
239 4228 265 4272 ct
278 4235 333 4271 cnm
343 4223 454 4287 ipsorum
464 4221 600 4271 Caesarum
610 4228 662 4270 tum
674 4219 751 4269 etiam
762 4219 871 4269 omnium
880 4219 1007 4269 hominnm
1017 4219 1131 4285 aspectui
1142 4220 1298 4285 promptius,

142 4304 209 4370 quod
227 4303 365 4369 praecipuo
393 4309 433 4353 ast
457 4302 515 4352 loco
538 4303 648 4368 positum
673 4301 744 4367 qnasi
771 4302 840 4352 inter
862 4301 932 4367 ipsos
960 4300 1045 4350 oculos
1069 4301 1195 4364 civitatis,
1223 4301 1292 4351 inter

143 4385 274 4451 Apollinis
294 4385 412 4451 ternplum
437 4391 512 4449 atque
531 4383 683 4448 Capitolium
769 4383 806 4434 ibi
829 4383 1007 4434 adulescentes
1031 4382 1132 4433 discant
1144 4421 1150 4434 .
1209 4383 1291 4434 mani·

143 4483 240 4518 morum
258 4468 401 4534 principum
424 4464 492 4517 lacta
510 4466 648 4528 celebrare,
676 4467 720 4516 uhi
743 4472 802 4515 anm
828 4481 888 4515 aras
912 4465 1092 4530 quodammodo
1117 4481 1176 4516 snas
1199 4463 1287 4515 lovios

1113 4552 1130 4605 5
