3180 5236
726 349 946 412 ,72-

265 549 287 587 s.
310 526 422 588 Paulini
458 524 593 586 monachi
625 525 764 586 ecclesiae
795 532 925 604 cryptam
955 524 1117 604 aperirent,
1146 525 1263 585 inventa
1291 533 1335 586 est
1364 530 1414 584 ta-

264 626 333 688 bula
356 643 431 705 quae
453 625 571 686 illorum
595 631 759 704 martyrum
783 646 798 686 a
820 623 985 685 llictiovaro
1013 642 1165 684 caesorum
1190 623 1312 684 nomina
1336 640 1416 683 con-

264 723 448 803 tinebat²⁷¹).
494 723 572 797 Quid
597 725 704 784 mirum
728 724 834 802 igitur,
864 725 945 803 quod
967 731 1137 784 sanctorum
1162 723 1284 784 uomina
1308 742 1341 783 er
1363 730 1415 782 ta-

264 823 333 886 bula
356 831 419 884 tum
442 830 559 902 reperta
582 829 611 883 et
632 823 697 882 sine
720 821 809 882 dubio
832 823 900 883 ficta
924 829 954 881 ct
976 822 1130 900 supposita
1155 821 1299 900 exscripta
1323 817 1414 882 sunt!

265 923 377 982 Eodem
388 926 451 982 tere
464 929 600 1001 tempore
618 923 735 983 fortuna
753 922 842 983 etiam
862 921 986 982 arrisisit
1004 921 1143 981 ecclesiae
1156 919 1293 981 silariae
1310 919 1418 998 inripa

265 1021 427 1082 monacbis.
462 1021 609 1093 Quicum
634 1021 754 1082 aliarum
779 1020 967 1082 ecclesiarum
990 1019 1152 1090 monachia,
1177 1019 1226 1099 qui
1244 1019 1276 1079 in
1291 1025 1419 1097 sancto-

265 1138 333 1180 rum
357 1119 530 1198 corporibus
553 1119 737 1198 reperiendis
760 1126 842 1180 tanta
864 1118 911 1179 usi
927 1126 1012 1179 erant
1026 1120 1156 1190 fortuna,
1180 1119 1283 1178 cedere
1300 1117 1418 1178 nollent

266 1227 296 1278 et
317 1219 375 1298 ipsi
399 1218 552 1296 diligenter
576 1217 695 1295 vestigia
718 1225 906 1296 quaererent,
930 1217 1069 1296 contigit,
1092 1225 1127 1278 ut
1149 1216 1417 1277 innumerabilium

267 1327 429 1396 martyrum
457 1335 523 1378 ossa
549 1315 735 1384 invenirent,
771 1333 829 1394 quo
853 1315 963 1376 iactum
987 1322 1048 1384 cst,
1083 1323 1117 1375 ut
1140 1331 1249 1374 nomen
1273 1314 1418 1374 ecclesiae

267 1423 486 1478 converteretur
509 1415 538 1474 in
562 1434 586 1475 s.
602 1413 713 1474 Maria
736 1414 778 1473 ad
802 1422 997 1492 martyres.
1043 1413 1213 1474 lluorlecimi
1236 1412 1325 1490 igitur
1346 1430 1417 1472 sae·

266 1514 325 1577 culi
354 1513 478 1574 fuerunt
505 1511 658 1584 monachi,
688 1511 738 1590 qui
766 1530 831 1572 eam
860 1512 989 1574 fabulam
1012 1512 1242 1591 pervulgandam
1265 1519 1417 1571 curarent.

267 1615 304 1674 tt
333 1610 501 1692 quaeritur,
531 1620 633 1672 utrum
662 1611 765 1671 leviter
794 1629 856 1670 eam
887 1611 1057 1672 invenerint
1086 1630 1124 1672 an
1148 1611 1175 1671 ei
1201 1611 1270 1670 insit
1293 1609 1417 1689 aliquod

267 1731 392 1791 granum
417 1711 485 1770 fidei
509 1710 674 1770 historicae.
726 1710 848 1770 Constat
871 1710 1012 1788 oppidum
1035 1718 1080 1772 ter
1102 1729 1117 1770 a
1141 1709 1295 1771 Germanis
1317 1717 1418 1770 vasta-

266 1821 331 1874 tum
354 1817 383 1872 et
406 1808 554 1886 direptum
576 1815 760 1886 postremum
785 1828 809 1868 a.
827 1828 855 1887 p.
872 1809 939 1870 Chr.
956 1809 1016 1868 411
1041 1828 1056 1868 a
1079 1808 1199 1869 Francis
1222 1808 1260 1869 ita
1284 1808 1418 1868 deletum

267 1929 341 1981 esse,
365 1916 399 1968 ut
421 1907 583 1968 incolarum
608 1906 735 1966 maxima
750 1925 817 1985 pars
834 1914 864 1966 et
880 1905 1037 1967 obsidione
1054 1906 1192 1967 diuturna
1209 1906 1420 1967 absumeretur·

268 2018 297 2069 et
335 2007 423 2068 foeda
465 2005 553 2065 caede
595 2023 610 2064 a
644 2003 804 2065 victoribus
836 2004 1041 2066 trucidaretur.
1099 2005 1214 2077 Quanta
1253 2004 1419 2065 incolarum

267 2106 386 2168 miseria
413 2112 478 2165 tum
507 2103 611 2174 luerit,
646 2121 734 2162 nemo
767 2103 873 2164 melius
900 2103 1057 2183 descripsit
1079 2123 1167 2183 quam
1193 2104 1347 2165 Salvianus
1372 2103 1417 2180 td.

268 2205 393 2284 gubern.
427 2203 479 2264 Dei
501 2199 692 2280 lib..Vl.in.).
748 2201 787 2261 Ea
811 2209 928 2274 autem,
957 2221 1013 2280 qua
1046 2202 1234 2262 Rictiovarus-
1256 2221 1325 2264 usus
1350 2222 1420 2264 esse

267 2305 410 2376 traditur,
432 2303 549 2364 saevitia
573 2319 635 2362 non
659 2302 784 2380 quadrat
805 2303 841 2362 ad
864 2303 1015 2362 Romanos
1038 2303 1090 2362 sed
1115 2303 1152 2362 ad
1173 2301 1314 2376 Francos,
1338 2322 1419 2382 quos

267 2404 362 2466 simile
385 2401 454 2482 quid
479 2400 660 2462 crudelitatis
676 2400 861 2461 commisisse
878 2400 1040 2479 Procopius
1064 2401 1105 2475 (d.
1123 2401 1199 2461 bello
1216 2401 1301 2462 Goth.
1319 2399 1418 2474 1125>

267 2503 366 2565 etalii
390 2501 454 2562 eius
477 2500 581 2560 aetatis
604 2499 762 2577 scriptores
784 2499 980 2560 tradiderunt.
1021 2500 1108 2572 Quod
1124 2517 1191 2562 oum
1208 2499 1247 2560 ita
1264 2500 1311 2572 sit,
1334 2509 1419 2561 recte

267 2604 392 2663 fortasse
415 2599 508 2659 Linde
537 2599 567 2672 (l.
584 2617 607 2658 c.
624 2616 653 2676 p.
671 2597 711 2658 20
723 2599 780 2676 sq.)
812 2598 1009 2660 Rictiovarum
1041 2617 1103 2659 non
1131 2599 1331 2660 Romanorum
1363 2599 1420 2660 sed

211 2713 213 2717 ·
267 2701 450 2760 Francorum
475 2697 579 2757 ducem
602 2695 693 2756 fuisse
717 2696 883 2775 suspicatus
906 2705 960 2757 est.
999 2697 1088 2758 Cuius
1112 2697 1209 2758 caedis
1226 2698 1419 2758 vastationis-

268 2817 326 2878 que
351 2796 491 2859 memoria
515 2814 583 2856 cum
606 2795 657 2856 diu
679 2795 800 2873 vigeret,
823 2793 961 2856 facillime
983 2795 1115 2856 accidere
1137 2795 1242 2874 potuit,
1271 2796 1420 2856 utvariae

267 2897 384 2959 fabulae
423 2915 491 2956 cum
530 2895 575 2954 illa
616 2895 878 2972 coniungerentur.
933 2895 1028 2967 Quam
1062 2895 1188 2965 famam,
1228 2913 1303 2974 quae
1336 2895 1420 2974 vulgi

268 2997 345 3056 iacta
370 3003 441 3067 erat,
465 3011 525 3053 non
550 2992 700 3063 ccclesiae,
723 2992 851 3054 subinde
875 2994 1023 3067 monachi,
1046 2995 1096 3073 qui
1119 2995 1230 3074 ubique
1253 2995 1420 3074 quaesituri

268 3103 412 3174 martyres
435 3093 637 3172 reperiebant,
668 3094 699 3154 in
722 3112 809 3154 suum
838 3112 928 3154 usum
952 3093 1150 3155 vindicarunt.
1205 3095 1265 3155 Nec
1287 3095 1417 3156 multum

267 3193 357 3272 igitur
380 3193 415 3252 ad
439 3211 502 3252 rcrn
526 3189 706 3268 probandam
733 3192 826 3252 valere
850 3202 982 3269 possunt.

355 3289 526 3350 Secundum
550 3296 687 3347 nostrum
711 3289 865 3349 eonsilium
890 3309 971 3350 nunc
992 3299 1102 3362 restat,
1125 3297 1158 3350 ut
1182 3291 1218 3349 de
1242 3291 1305 3351 loeo
1329 3291 1417 3370 Capi-

268 3389 330 3450 tolii
354 3387 562 3467 quaestionem
587 3404 769 3448 moveamus.
808 3388 892 3460 Quod
916 3396 1018 3467 postea
1042 3390 1074 3449 in
1097 3391 1250 3450 ecclesiam
1268 3409 1289 3449 s.
1307 3389 1419 3451 Mariae

268 3505 387 3549 versum
417 3493 446 3560 et
474 3484 571 3546 locum
599 3485 698 3564 ipsum
728 3485 765 3546 ob
789 3487 962 3547 memoriam
987 3496 1149 3567 martyrum
1171 3487 1253 3548 Litus
1276 3488 1312 3548 ad
1336 3506 1418 3548 mar-

267 3597 347 3666 tyres
376 3585 552 3664 appellatum
582 3583 707 3658 essem)
732 3585 820 3646 Gesta
849 3585 1008 3646 affirmant.
1062 3589 1099 3647 At
1122 3582 1224 3666 deutra
1247 3586 1366 3647 ecclesia
1392 3606 1416 3647 s.

335 3721 379 3786 ²⁷¹)
397 3721 494 3772 Waltz.
514 3722 531 3772 l.
552 3739 572 3772 c.
592 3737 615 3788 p.
635 3721 697 3784 2203
718 3720 788 3772 Gest.
809 3720 910 3772 Treuir.
929 3737 953 3786 p.
970 3721 1088 3789 1661167.

336 3804 379 3866 ²⁷²)
397 3803 531 3854 Ecclesiae
550 3818 639 3853 nomeu
659 3819 677 3854 s.
698 3803 795 3852 Mariae
815 3805 845 3852 ad
863 3811 993 3870 martyres
1013 3819 1060 3853 nou
1080 3811 1138 3855 ante
1158 3806 1265 3856 medium
1283 3807 1416 3857 saeculum

268 3884 317 3936 Xll
337 3887 420 3935 datum
440 3899 504 3950 esse,
523 3891 652 3936 testantur
672 3885 797 3935 ecclcsiae
815 3885 938 3935 tabularii
957 3885 1126 3936 instrumenta
1151 3890 1200 3953 (ap.
1220 3887 1306 3947 Linde,
1325 3875 1417 3938 liltore

271 3967 424 4018 Geschicbte
443 3969 488 4016 der
508 3967 586 4018 Abtei
605 3968 699 4017 Sancta
717 3967 800 4018 Maria
818 3965 864 4017 auf
880 3969 935 4017 dem
953 3965 1093 4017 Moselufcr
1110 3968 1127 4019 l.
1141 3986 1162 4018 c.
1181 3986 1204 4034 p.
1218 3969 1338 4033 35-4t)‚
1359 3971 1419 4034 qui·

268 4050 314 4099 bus
338 4055 447 4098 vocatur
472 4063 494 4097 a.
514 4049 563 4097 913
588 4049 735 4099 ecelesia
757 4049 905 4112 gloriose
929 4049 980 4098 dei
1004 4051 1186 4116 genetricis
1215 4058 1244 4100 et
1271 4052 1417 4114 virginis

268 4131 370 4182 Maria
399 4131 428 4179 in
452 4130 535 4195 ripa3
562 4146 583 4180 a.
612 4133 677 4182 1000
704 4132 848 4182 eeclesia
876 4131 1120 4194 gloriosissime
1148 4133 1198 4181 dci
1226 4134 1417 4195 genetricis

268 4212 372 4263 Maria
392 4211 586 4276 superlitas
606 4212 756 4275 Moselle3
776 4230 798 4264 a.
819 4213 884 4262 1030
903 4203 1417 4276 cenobiumgloriosissimavir-

268 4294 357 4356 ginis
381 4292 430 4342 dei
455 4292 632 4356 genitricis
656 4292 773 4354 Marie3
802 4309 823 4343 a.
845 4295 910 4345 1140
938 4303 1047 4345 sancta
1076 4293 1176 4345 Maria
1200 4297 1417 4361 superlitas,

268 4375 498 4425 monasterium
517 4375 747 4425 sacratissime
766 4375 915 4437 virginis
933 4375 1034 4426 blaric
1058 4392 1152 4442 super
1170 4377 1268 4440 litus3
1296 4393 1319 4428 a.
1340 4377 1417 4443 1146,
