3180 5236
588 435 808 498 ..29-

211 617 272 680 lori
306 616 443 696 o(ptimol
481 612 637 691 mlaximo)
663 608 668 693 Ι
693 611 801 674 Iunoni
835 609 978 690 reg(inae)
1005 606 1180 681 lllinerrae
1206 607 1210 682 Ι
1234 609 1272 670 ob

121 717 275 780 restitutio
294 713 300 798 1
319 733 388 778 nem
411 713 533 792 Capitoli
554 711 559 793 l
579 712 652 772 ordo
674 709 956 790 spitendidissimus)
979 709 1271 790 Flortentinorum)l

122 817 272 890 d(ecretol
290 810 583 890 d(ecurionum)¹⁰⁰).
620 809 748 870 Litterae
764 808 825 870 basi
843 827 1035 876 marmoreae,
1058 809 1132 870 altae
1156 807 1228 878 033
1243 826 1270 868 m

123 916 203 976 latae
226 911 318 983 0‚153
331 931 369 983 m,
393 911 504 971 incisae
527 909 562 970 ad
579 908 709 988 primum
733 909 776 968 vel
796 908 959 969 secuudum
984 926 1011 986 p.
1029 907 1097 970 Chr.
1121 909 1271 970 saeculum

127 1021 265 1092 spectare
284 1012 422 1072 videntur
432 1008 495 1086 000).
520 1007 588 1068 Sine
601 1006 690 1068 dubio
703 1006 792 1084 igitur
804 1006 851 1068 illa
865 1006 943 1068 basis
956 1007 991 1066 ad
1009 1015 1136 1068 statuam
1153 1023 1272 1068 auream

124 1119 340 1190 argenteamve
373 1107 578 1168 sustinendam
613 1112 679 1184 apta
714 1113 785 1166 erat.
832 1105 983 1166 Praeterea
1024 1125 1090 1166 cum
1126 1106 1174 1166 illo
1209 1107 1273 1166 loco

125 1209 330 1272 aedificiorum
365 1206 556 1266 fundamenta
585 1211 649 1264 turn
679 1203 862 1270 iacerentur,
897 1203 927 1264 in
957 1204 1051 1264 lucana
1083 1203 1272 1282 prodierunt:

126 1307 253 1385 „grandi
277 1305 364 1366 massi
388 1303 520 1383 quadrati
545 1301 685 1382 spettanti
708 1321 723 1362 a
747 1302 794 1364 dei
819 1302 895 1364 muri
919 1303 948 1362 di
973 1302 1018 1364 cui
1036 1321 1098 1363 non
1114 1303 1169 1364 sie
1190 1322 1273 1384 prosa

126 1411 167 1468 ne
197 1405 307 1466 misura
337 1407 382 1465 ne.
401 1413 532 1482 appunto
556 1399 758 1475 veruno¹⁰²).“
803 1402 884 1474 Quae
908 1403 1000 1462 moles
1023 1421 1177 1464 murorum
1202 1402 1272 1481 quin

124 1505 273 1584 pertineat
296 1503 330 1563 ad
355 1503 549 1581 Capitolium,
573 1501 602 1562 in
629 1501 691 1560 loco
719 1499 874 1578 superiore
901 1501 1045 1579 positum,
1075 1501 1121 1562 rix
1150 1501 1272 1562 dubium

124 1604 252 1666 ridetur.
290 1601 400 1662 Eodem
425 1600 490 1661 loco
513 1600 646 1680 proxime
669 1615 775 1659 aeneae
798 1598 885 1676 lupae
902 1601 1100 1676 fragmentum
1122 1609 1273 1678 repertum

126 1713 174 1764 est
185 1701 252 1776 100),
283 1701 359 1780 quod
385 1701 538 1760 inventum
562 1697 585 1758 si
617 1697 834 1776 comprobetur,
863 1695 994 1758 Faesulis
1018 1697 1190 1776 Capitolium
1213 1699 1274 1760 llo-

129 1820 250 1862 manum
273 1801 304 1860 in
328 1799 438 1878 templo
467 1797 648 1858 aedilicando
679 1797 751 1856 adeo
783 1797 917 1874 exemplo
948 1795 1050 1866 luisse,
1080 1806 1112 1858 ut
1139 1797 1208 1858 illud
1238 1798 1274 1858 ad

125 1918 258 1979 unguem
288 1898 521 1978 exprimeretur,
553 1896 671 1956 maximi
700 1895 739 1954 sit
765 1893 943 1972 argumenti.
995 1894 1106 1956 Romae
1135 1895 1215 1956 enim
1244 1896 1274 1956 in

126 1999 272 2078 Capitolio
296 1997 485 2060 simulacrum
509 1995 597 2074 lupae
620 2011 686 2054 cum
711 1993 852 2054 iratribus
873 1991 998 2070 geminis
1022 1991 1153 2072 oraim).
1189 1993 1274 2066 Quod

128 2099 180 2158 illo
203 2097 290 2158 titulo
313 2095 386 2156 ordo
402 2093 658 2174 splendidissimus
674 2093 913 2154 Florentinorum
931 2101 1191 2165 commemoratur,
1214 2109 1276 2154 non

128 2204 190 2266 est,
224 2213 277 2256 cur
311 2193 378 2254 ideo
411 2193 555 2272 templum
591 2210 606 2252 a
637 2191 815 2252 Florentinis
843 2199 1042 2252 restauratum
1073 2192 1275 2254 existimemus

129 2311 227 2372 neque
249 2290 454 2354 Gamurrinius
477 2290 611 2362 habebat,
635 2289 714 2369 quod
739 2288 768 2350 in
793 2289 943 2352 tractanda
967 2288 1152 2368 quaestione,
1176 2290 1276 2352 cuius-

130 2410 200 2454 nam
226 2391 326 2470 oppidi
342 2389 517 2469 Capitolium
541 2389 756 2467 significaretur
778 2389 892 2465 (utrum
915 2389 1026 2448 Romae
1049 2406 1086 2448 an
1109 2389 1275 2450 Florentiae

130 2509 167 2552 an
180 2490 383 2556 Faesularuml
403 2507 522 2568 operam
536 2497 566 2548 et
578 2497 697 2566 tempus
714 2496 911 2548 consumeret.
942 2487 1037 2548 lmmo
1049 2504 1097 2548 res
1110 2488 1197 2550 dubia
1213 2505 1275 2550 non

129 2589 256 2660 videtur,
281 2606 347 2650 oum
373 2587 469 2648 verbis
492 2586 570 2647 tituli
593 2586 667 2646 nihil
690 2585 770 2658 insit,
795 2586 872 2665 quod
896 2587 1040 2666 templum
1059 2607 1074 2650 a
1096 2587 1276 2651 Florentinis

129 2695 329 2748 restauratum
355 2705 421 2746 esse
445 2703 501 2746 nos
525 2685 650 2746 adducat
675 2693 709 2746 ut
735 2693 882 2764 putemus.
926 2686 1069 2765 Equidem
1093 2687 1136 2746 sic
1163 2686 1276 2748 iudico:

132 2784 284 2846 Faesulani
325 2803 391 2846 cum
426 2783 600 2862 Capitolium
633 2792 832 2845 restauratum
866 2784 1048 2856 dedicarent,
1091 2786 1276 2862 magistratus

132 2883 231 2964 oppidi
256 2883 341 2944 vicini
371 2883 549 2944 dedicationi
578 2883 627 2961 qui
655 2883 820 2944 intererant
847 2882 924 2944 illam
955 2892 1082 2946 statuam
1115 2902 1183 2946 cum
1215 2883 1276 2946 basi

130 2999 294 3044 marmorea
317 2983 348 3042 in
372 3000 437 3044 area
461 2982 564 3062 templi
587 2989 767 3060 posuerunt:
791 2998 846 3042 nec
869 2982 993 3052 mirum,
1023 3001 1090 3044 cum
1115 2992 1143 3044 et
1166 2983 1277 3046 Romae

132 3081 161 3141 in
192 3079 334 3158 Capitolio
362 3080 467 3158 ingens
495 3081 642 3142 donorum
673 3099 707 3140 ex
736 3088 799 3142 toto
827 3081 898 3140 orbe
925 3081 1099 3142 collaturum
1134 3099 1277 3144 numerus

134 3187 219 3240 esset.
264 3179 404 3240 Fortasse
420 3187 517 3240 autem
542 3179 688 3259 quispiam
711 3179 881 3258 cogitaverit
904 3179 1091 3240 Florentinos
1114 3198 1181 3242 cum
1205 3180 1278 3240 Fae·

134 3277 243 3338 sulanis
266 3277 306 3338 ita
329 3277 501 3338 coniunctos
523 3278 625 3344 fuisse,
648 3287 681 3338 ut
696 3277 834 3340 Faesulas
856 3279 981 3340 alterum
1005 3280 1087 3358 quasi
1111 3278 1277 3340 Lanuvium

133 3375 306 3438 iudicarent.
352 3377 454 3456 ltaque
482 3377 518 3436 de
546 3377 724 3456 oppidorum
753 3377 968 3438 necessitudine
998 3396 1085 3457 quam
1111 3379 1184 3440 nihil
1207 3379 1277 3439 certi

112 3464 115 3470 ’
135 3483 320 3553 compertum
338 3476 377 3534 sit
392 3483 550 3554 antequam
568 3493 722 3556 exponam,
743 3494 833 3555 pauca
851 3476 935 3537 verba
949 3476 986 3536 de
999 3476 1188 3538 Faesulanum
1206 3496 1277 3538 oon-

135 3574 250 3634 dicione
272 3572 406 3634 facienda
429 3582 508 3636 sunt.
552 3579 649 3653 Atque
673 3574 825 3655 oppidum,
848 3573 927 3653 quod
951 3573 1064 3634 eratin
1087 3575 1161 3636 colle
1183 3583 1280 3638 metae

202 3824 247 3885 000)
265 3821 297 3874 ol.
316 3823 469 3876 Fiorellinnr
494 3823 588 3892 ephem.
614 3839 676 3890 qnae
700 3824 854 3876 inscribitur
871 3823 973 3876 Notizie
992 3824 1060 3887 dagli
1078 3823 1149 3874 soavi
1168 3823 1194 3872 di
1213 3823 1280 3874 anti-

135 3899 201 3954 ebitla
218 3919 240 3956 a.
262 3907 328 3958 1879
346 3923 369 3973 p.
390 3908 452 3969 lud,
476 3907 584 3958 maxime
601 3915 686 3958 antem
705 3907 894 3960 Gnmurrininm
917 3904 979 3954 bull.
1002 3905 1063 3954 inst.
1082 3905 1151 3954 arch.
1172 3904 1238 3956 1879
1256 3921 1278 3971 p.

138 3985 278 4038 tto-185.

204 4071 248 4134 ¹⁰¹)
267 4069 299 4122 of.
318 4069 508 4122 Gamurrininm
526 4072 543 4122 l.
565 4089 587 4122 c.
605 4087 629 4138 p.
652 4071 707 4124 182.

198 4153 241 4214 000)
260 4151 294 4204 ib.
314 4168 338 4218 p.
358 4152 414 4204 178.
1196 4208 1197 4211 ,

200 4235 244 4300 ¹⁰⁸)
263 4233 317 4284 lloc
336 4234 414 4285 debeo
433 4235 463 4284 ll.
481 4235 587 4288 tardani
606 4235 773 4300 benignitati,
797 4250 902 4300 quocum
925 4235 998 4286 modo
1021 4233 1047 4285 in
1074 4233 1149 4286 Italia
1172 4249 1281 4286 commo·

137 4321 190 4364 rato
209 4313 388 4366 Garnurrinins
414 4316 546 4366 inuentum
565 4317 758 4368 communicavit
780 4317 904 4383 simulque
922 4318 985 4368 mihi
1008 4324 1037 4368 nt
1059 4324 1184 4382 tamqnam
1201 4317 1277 4368 tosti-

137 4397 217 4450 nouio
235 4399 282 4448 boo
300 4399 357 4448 loeo
376 4405 465 4448 ntarer
483 4397 664 4450 liberalissime
683 4399 820 4450 concessit.

202 4480 245 4542 ¹⁰⁴)
264 4480 368 4530 Jordan.
386 4478 497 4544 Topogr.
516 4477 586 4530 llam.
609 4483 619 4532 l
642 4481 656 4528 2
674 4496 698 4546 p.
718 4482 758 4531 51.
