3180 5236
626 351 850 414 ..39-

161 527 298 609 Aquileia
315 527 445 608 exceptis
460 533 620 608 postquam
635 527 700 590 iura
714 527 813 590 Italico
826 527 934 590 donata
945 533 1029 590 crant
1044 527 1108 606 lege
1123 527 1194 590 lulio
1210 547 1273 590 a.u.
1285 547 1309 590 c.

162 629 226 689 705
249 628 281 690 in
303 628 350 689 ius
374 626 604 706 municipiorum
621 623 837 705 venerunt¹⁴³).
882 625 1053 688 Cavendum
1069 626 1213 706 igiturne
1237 626 1311 688 Bor-

160 725 265 805 ghesio
294 725 415 804 loppll
437 743 465 804 p.
483 722 557 800 269)
588 725 752 799 credamus,
780 725 828 786 cui
850 723 992 805 oppidum
1020 724 1055 786 ab
1086 724 1150 804 ipso
1177 725 1310 806 dugrnto

161 823 299 888 coloniae
315 839 427 884 nomen
441 822 568 884 traxisse
584 823 677 884 visum
695 831 749 884 est.
787 823 901 886 Plinius
917 823 997 884 enim
1013 821 1055 900 (h.
1067 839 1097 884 u.
1110 823 1148 883 lll
1163 824 1211 896 19,
1227 825 1309 904 130),

162 923 218 1002 qui
234 922 445 1000 Euganeorum
461 921 550 982 modo
569 921 710 1001 oppidum
727 921 807 993 dicit,
830 920 856 982 si
871 929 936 982 tum
949 921 1055 982 luisset
1077 921 1202 994 colonia,
1224 923 1311 986 silere

160 1038 226 1082 non
248 1019 351 1099 potuit.
399 1019 487 1092 Quod
510 1021 673 1100 quominus
704 1031 783 1082 recte
811 1039 843 1080 se
869 1019 986 1089 babeat,
1016 1019 1089 1081 nibil
1111 1020 1208 1083 obstat
1231 1023 1310 1102 quod

160 1125 286 1180 vocatur
307 1119 438 1196 Augusta
462 1118 590 1192 Verona3
619 1119 767 1198 Augustae
792 1119 871 1180 onim
895 1136 1062 1198 cognomen
1089 1118 1140 1180 ubi
1162 1121 1311 1200 reperitur

160 1217 287 1278 honoris
309 1235 395 1278 causa
414 1217 450 1278 ad
465 1217 629 1296 quemlibet
643 1219 855 1296 Augustorum,
878 1218 929 1279 ubi
944 1218 1101 1279 adhibetur
1119 1237 1174 1298 pro
1190 1219 1311 1282 nomine

162 1316 284 1396 proprio
298 1320 335 1384 (e.
348 1335 375 1394 g.
387 1318 461 1394 Aug.
474 1316 683 1389 Taurinorum,
699 1317 912 1396 Rauracorum)
928 1317 964 1378 ad
975 1317 1128 1378 Caesarem
1145 1319 1310 1396 Augustum

159 1416 312 1496 pertinere
334 1415 523 1491 videtur¹⁴⁴).
560 1416 662 1478 Restat
690 1423 791 1476 autem
819 1415 929 1494 aliquid
956 1415 1148 1478 dillicultatis.
1192 1417 1310 1480 Tacitus

160 1513 241 1576 enim
266 1513 347 1591 (bist
370 1512 410 1574 lll
427 1511 458 1587 8)
481 1512 591 1576 bellum
614 1512 803 1574 vitellianum
826 1512 994 1574 describens
1010 1514 1311 1594 Veronamappellat

159 1612 319 1683 coloniam,
342 1612 423 1691 quod
439 1631 497 1692 qua
512 1612 627 1674 ratione
644 1612 822 1692 explicemus
842 1630 909 1673 cum
926 1628 988 1673 non
1004 1611 1176 1685 babeamus,
1197 1631 1212 1674 a
1228 1621 1310 1676 certo

159 1710 272 1772 iudicio
303 1710 512 1772 abstinendum
540 1709 627 1772 nobis
654 1717 710 1772 est.
761 1710 846 1772 lllum
876 1709 1019 1772 erravisse
1046 1720 1080 1772 ut
1106 1711 1248 1774 erraverit
1274 1712 1310 1773 de

160 1811 296 1888 Augusta
320 1808 405 1870 Vind.
427 1808 518 1870 voluit
540 1808 763 1880 Mommsenus‚
797 1827 866 1871 cum
888 1808 1043 1889 Zumptius
1067 1810 1097 1886 (l.
1113 1830 1137 1872 c.
1155 1811 1209 1890 lp.
1227 1812 1310 1886 403),

158 1907 322 1970 Traianum
345 1906 500 1968 deduxisse
524 1907 670 1970 coloniam
693 1914 826 1970 statuens
850 1907 978 1970 Plinium
1000 1915 1080 1970 reete
1102 1914 1200 1972 tacere
1222 1909 1307 1971 'laci-

159 2014 288 2086 tumque
311 2021 374 2066 non
398 2024 497 2068 errare
519 2006 577 2068 sibi
599 2007 787 2086 persuadeat.
830 2007 869 2068 Ut
891 2014 925 2068 ut
947 2013 1047 2070 autem
1069 2015 1129 2082 est,
1158 2009 1213 2070 hoc
1236 2027 1308 2071 ocn-

161 2113 230 2178 stat,
253 2104 311 2166 nisi
333 2111 403 2166 ante
425 2104 562 2167 habuerit
583 2105 655 2168 illud
678 2106 850 2178 ius‚1certe
871 2106 960 2167 tertio
990 2107 1108 2168 saeculo
1135 2125 1219 2168 more
1246 2108 1309 2170 eius

160 2203 225 2265 aevi
247 2203 382 2265 coloniae
411 2203 499 2266 titulo
522 2205 667 2266 Veronam
697 2223 764 2266 esse
791 2212 938 2266 ornatam.
983 2205 1095 2266 Dicitur
1120 2207 1199 2266 enim
1229 2223 1308 2268 anno

159 2321 190 2383 p.
215 2302 281 2364 Chr.
305 2300 367 2362 265
391 2302 445 2363 col.
461 2303 593 2380 Augusta
609 2321 684 2364 nova
700 2301 881 2363 Gallieniana
904 2301 954 2381 (cl.
973 2302 1002 2362 C.
1019 2302 1041 2362 l.
1056 2301 1088 2362 L.
1107 2303 1128 2364 V
1144 2300 1250 2384 3329).

658 2478 809 2550 Aquileia.

247 2595 328 2668 Quae
351 2596 524 2676 Capitolium
549 2605 786 2660 commemorant
814 2604 876 2658 aeta
900 2593 953 2658 SS.
976 2595 1080 2658 Felicis
1103 2604 1133 2658 et
1152 2596 1309 2658 Fortunati

161 2701 326 2774 martyrum
349 2695 510 2775 Aquil.²⁴⁵)
542 2696 690 2758 Francisci
719 2695 880 2758 Barbaraui
909 2695 946 2756 dc
975 2695 1084 2756 llironi
1113 2696 1216 2757 eccles.
1239 2695 1308 2756 bist.

161 2793 334 2855 vicentinae
363 2793 450 2870 (liber
477 2795 588 2874 prodiit
610 2813 651 2856 cr.
675 2814 700 2856 a.
728 2793 821 2873 1643)
855 2795 867 2854 l
896 2811 958 2873 cap.
975 2792 1015 2853 33
1045 2802 1197 2874 tamquam
1228 2802 1308 2855 acta

161 2892 319 2972 antiqua
360 2893 556 2972 martyrii,
601 2894 635 2954 in
676 2911 808 2954 norem
850 2891 1037 2953 lectiones
1075 2892 1116 2952 ad
1153 2892 1308 2953 matuti-

163 3009 250 3076 num
273 2991 431 3052 recitari
454 2992 601 3066 solitas,
625 2992 839 3054 distributa
868 2991 981 3052 inserta
1003 2998 1128 3053 exstant.
1173 2992 1308 3064 Quorum

162 3089 268 3152 deinde
295 3089 427 3151 codicem
457 3109 531 3151 saec.
556 3091 619 3151 Vlll
647 3091 679 3152 in
706 3089 850 3150 tabulario
874 3089 961 3169 capit.
990 3089 1091 3170 oppidi
1118 3091 1200 3169 quod
1228 3108 1309 3151 nunc

164 3187 270 3250 dicitur
292 3188 420 3250 Giridalc
442 3189 553 3250 servari
575 3189 691 3251 monuit
712 3185 950 3261 llandlerus¹⁴⁶).

247 3287 444 3366 apollinarius
477 3289 642 3367 praelectus
665 3297 699 3349 ut
732 3306 787 3368 per
812 3293 905 3347 totam
935 3284 1049 3346 ltaliam
1082 3283 1232 3364 praesides
1265 3287 1308 3347 rel

164 3383 353 3464 magistratus
375 3391 405 3445 et
427 3385 539 3448 iudices
570 3386 719 3448 ordinaret
747 3385 784 3446 ab
811 3383 1039 3465 imperatoribus
1069 3382 1249 3444 lliocletiano
1279 3393 1310 3445 et

162 3481 339 3543 Maximiano
362 3483 456 3544 Roma
480 3483 587 3546 missus
610 3483 775 3564 Aquileiam
798 3482 914 3542 venisse
930 3499 1096 3561 omnesque
1117 3481 1217 3562 oppidi
1232 3483 1308 3543 cives

162 3588 197 3642 ut
219 3580 421 3642 sacrificarent
447 3582 548 3644 venire
578 3583 615 3643 ad
639 3581 815 3662 Capitolium
843 3579 967 3642 iussisse
995 3576 1202 3659 narratur¹⁴¹).
1247 3581 1310 3642 Hoc

163 3761 199 3796 na
218 3745 248 3794 iu
266 3745 434 3810 sepulcris
457 3753 576 3797 tantum
599 3745 810 3809 legerentur.
845 3743 950 3795 Honos
978 3743 1129 3795 clientum
1157 3744 1310 3795 instituit

163 3827 211 3878 sic
229 3825 340 3876 colera
357 3833 519 3892 patronos.

231 3907 275 3970 ¹⁴⁸)
294 3905 407 3958 Momms.
427 3907 506 3974 praei.
525 3909 642 3975 inscript.
661 3908 755 3959 Veron.
774 3934 807 3944 -
824 3906 925 3957 Balccb.
944 3905 961 3955 l.
980 3921 1001 3956 c.
1020 3921 1043 3972 p.
1063 3905 1104 3956 27.

233 3988 276 4049 ¹⁴⁴)
294 3988 408 4039 Monimo.
428 3988 507 4056 praei.
526 3991 642 4055 inscript.
662 3989 725 4054 Aug.
744 3988 823 4042 Viad.

232 4068 277 4135 ¹⁴⁵)
295 4069 326 4119 A.
345 4069 389 4120 SS.
408 4086 432 4122 a.
451 4071 474 4122 d.
494 4069 525 4122 lll
543 4072 578 4122 id.
596 4071 650 4122 lun.
671 4070 844 4136 (collectionis
862 4077 922 4120 tom.
941 4068 1016 4120 XXII
1034 4087 1057 4136 p.
1071 4069 1202 4136 antiqq).

232 4150 277 4213 ¹⁴⁶)
295 4150 398 4216 llphem.
417 4150 513 4204 l'lstria
532 4153 584 4204 vol.
602 4149 647 4206 Vll
666 4155 698 4215 (a.
720 4151 795 4216 1352)
815 4167 837 4218 p.
852 4151 910 4204 210.

232 4231 276 4298 u⁷)
295 4231 423 4300 „Cumque
436 4235 552 4286 venisset
569 4234 778 4300 apudcivitatem
795 4233 984 4299 Aquileiensern
1003 4232 1028 4282 in
1047 4233 1168 4299 templum
1180 4231 1250 4284 lovis
1269 4233 1309 4282 in-

164 4329 269 4381 gressus
288 4315 428 4366 immundas
450 4316 550 4366 hostias
568 4315 671 4366 obtulit.
707 4314 804 4367 Praeco
824 4329 886 4367 vcra
909 4329 1069 4382 peromnem
1093 4314 1223 4364 civitatem
1246 4329 1309 4364 voca

164 4413 256 4464 magu
273 4398 445 4463 proclamabat
463 4405 492 4448 ut
510 4411 595 4447 omncs
615 4397 734 4448 venirent
751 4413 807 4447 cum
824 4397 918 4448 hostiis
936 4398 968 4448 ad
987 4395 1141 4463 Capitolium
1159 4395 1254 4448 lovis.“
