3180 5236
607 403 829 465 ..81-

134 580 246 640 aedis
280 599 376 660 quae
410 579 662 659 in·Capitolio
693 578 862 658 racta⁸⁰⁷).
907 581 980 642 Cum
1004 590 1103 642 autem
1136 581 1237 643 Sabini
1259 583 1291 644 in

135 680 214 740 colle
238 679 382 752 Quirinali
405 678 576 738 consedisse
598 677 742 750 ferantur,
765 677 802 739 ab
825 679 861 738 iis
884 697 1002 759 quoqne
1018 679 1162 759 templum
1178 683 1290 742 facturn

134 797 208 838 esse
241 777 295 837 sibi
325 777 513 855 persuadent.
566 775 694 837 Sabinae
721 766 844 854 originis
866 777 988 840 alteram
1020 777 1134 840 addunt
1162 797 1290 853 causam,

135 877 224 955 qnod
247 895 263 936 a
286 875 456 955 Tarquiniis
480 875 557 934 bello
579 874 689 934 Sabim
711 875 856 953 templum
881 875 1075 954 Capitolinum
1101 888 1200 938 votum
1225 897 1292 940 esse

134 994 246 1036 rerum
268 975 427 1053 scriptores
449 972 641 1044 tradunt³⁰⁸l.
686 973 779 1045 Quam
795 977 914 1044 lamam,
938 992 1005 1034 cum
1021 975 1195 1036 recentioris
1211 985 1291 1038 aeta-

133 1075 177 1134 tis
202 1074 242 1134 sit
264 1073 393 1152 (primus
416 1071 495 1132 enirn
519 1071 620 1132 Cicero
643 1071 708 1132 eius
732 1071 893 1150 meminit),
922 1072 1011 1132 nobis
1041 1091 1096 1152 pro
1117 1073 1290 1136 testimonio

133 1189 205 1232 esse
228 1189 290 1231 non
312 1189 400 1250 posse
423 1187 515 1230 nemo
538 1187 598 1229 non
623 1169 774 1229 concedet.
819 1169 877 1230 Sed
901 1170 1062 1248 quaeritur,
1089 1171 1160 1250 quid
1185 1174 1221 1233 de
1241 1173 1290 1235 illa

135 1270 277 1350 Capitolii
301 1270 408 1330 veteris
431 1267 574 1330 relatione
597 1268 788 1328 statuendum
812 1269 861 1328 sit.
907 1268 1040 1328 Primum
1070 1270 1150 1330 eninr
1180 1271 1291 1350 pendet

133 1387 172 1428 ex
199 1369 272 1428 solis
297 1368 393 1428 verbis
415 1367 565 1438 Varronis,
589 1367 640 1446 qui
664 1367 772 1446 quibus
796 1367 1009 1446 fontibusque
1033 1368 1193 1430 rationein
1210 1369 1289 1431 anti-

137 1466 307 1546 quitatibus
324 1465 526 1526 describendis
542 1465 680 1535 nauscit,
704 1481 766 1524 non
781 1465 853 1524 satis
868 1475 1004 1544 apertum
1023 1465 1140 1540 θείω).
1175 1468 1290 1529 Deinde

135 1565 355 1625 Ambroschius
373 1565 437 1644 ipse
449 1563 593 1635 concedit,
611 1563 681 1624 inde
693 1563 772 1642 quod
786 1563 877 1624 Varro
894 1572 1005 1624 veteres
1019 1565 1139 1624 annales
1152 1585 1289 1644 respexe-

134 1664 189 1736 rit,
213 1661 338 1722 minime
358 1662 434 1722 effici
453 1681 543 1741 posse
561 1679 594 1722 ea
613 1679 687 1740 quae
709 1662 807 1722 tradat
826 1679 944 1741 semper
961 1657 1042 1723 recte
1059 1681 1090 1724 se
1107 1664 1214 1732 habere
1224 1663 1288 1740 310).

136 1761 243 1840 ltaque
260 1779 330 1840 prae
345 1761 441 1832 tantis,
465 1779 540 1840 quae
558 1759 655 1820 statim
681 1759 801 1820 alienam
824 1761 1017 1838 argumentis,
1042 1761 1179 1822 Varronis
1202 1763 1287 1823 verba

137 1860 214 1922 mihi
237 1858 358 1938 quidem
383 1876 444 1918 non
468 1859 594 1920 multum
612 1859 709 1918 valent
732 1868 820 1938 atque
836 1857 980 1937 templum
998 1859 1195 1938 Capitolinum
1212 1861 1288 1920 anti-

136 1957 319 2038 quissimum
341 1956 428 2018 nobis
451 1965 601 2035 praestare
623 1955 790 2034 exemplum
813 1956 920 2026 iudico,
944 1975 1013 2020 cum
1030 1959 1203 2036 praesertim
1220 1978 1289 2020 sae-

137 2057 207 2136 pius
229 2058 343 2116 iactum
366 2055 413 2126 sit,
437 2063 470 2114 ut
493 2055 588 2114 eidem
613 2055 668 2114 deo
691 2063 809 2133 praeter
831 2055 975 2134 tempium
1001 2056 1161 2117 marimum
1184 2057 1288 2120 sacella

139 2153 285 2234 quaedam
308 2150 485 2228 tierentffl).

225 2251 283 2312 Sed
307 2261 426 2330 tempus
451 2259 504 2318 est,
529 2249 599 2330 quid
623 2250 688 2328 ipse
712 2249 748 2310 de
764 2249 879 2328 origine
895 2249 997 2311 triadis
1014 2251 1195 2330 Capitolinae
1217 2271 1288 2314 sen-

143 2351 213 2411 tiam
234 2351 419 2429 depromere.
464 2351 560 2428 Atque
585 2357 618 2410 ut
638 2349 737 2412 statim
762 2347 868 2420 dicam,
892 2349 962 2428 quid
986 2367 1040 2427 ego
1063 2349 1200 2421 iudicem,
1224 2351 1287 2412 cul-

142 2459 202 2510 tum
219 2467 324 2527 graeco
341 2465 423 2508 more
440 2467 456 2508 a
471 2447 633 2527 Tarquinio
656 2447 716 2508 sive
738 2466 754 2508 a
777 2446 946 2526 Tarquiniis
963 2448 1161 2526 compositum
1177 2449 1287 2510 Romae

136 2547 310 2609 institutum
345 2565 411 2607 esse
439 2548 596 2608 contendo.
643 2546 732 2607 Cuius
766 2547 809 2606 rei
843 2547 969 2625 primam
1004 2547 1123 2608 invenio
1158 2566 1287 2621 causam,

137 2647 216 2726 quod
242 2645 416 2706 vocabulum
441 2645 574 2726 Capitolii
596 2663 665 2705 rere
688 2643 826 2705 Latinum
856 2651 901 2705 est
924 2663 1023 2724 neque
1045 2663 1171 2725 usquam
1195 2647 1286 2708 totius

136 2745 234 2806 italiae
250 2752 345 2804 exstat
359 2743 524 2824 vestigium,
542 2763 601 2822 qno
617 2741 729 2802 cultum
745 2753 815 2802 ante
831 2743 1035 2804 Romanorum
1053 2744 1285 2806 dominationem

135 2844 272 2906 omnium
295 2851 347 2904 aut
367 2843 551 2919 singularum
574 2841 708 2920 gentium
737 2841 830 2900 luisse
858 2858 1050 2902 communem
1075 2841 1209 2921 colligere
1232 2862 1285 2904 co-

134 2944 245 3022 gimur.
290 2941 624 3002 Alteraautemcausa
649 2940 863 3010 videturesse,
894 2939 972 3018 quod
1005 2939 1061 3000 tria
1084 2958 1190 3018 genera
1214 2941 1287 3002 deu·

274 3063 348 3073 μοι-ι-

204 3129 250 3194 ⁸⁰³)
268 3128 356 3178 Ceteri
376 3127 419 3192 qai
438 3126 580 3176 afferuntur·
598 3125 758 3190 antiquorum
785 3125 941 3190 aet-iptorum
964 3125 1016 3174 loci
1043 3125 1076 3189 (e.
1096 3143 1120 3189 g.
1140 3127 1197 3176 Vel.
1216 3126 1285 3178 Max.

132 3209 169 3261 lv
189 3212 214 3273 l,
235 3213 279 3273 113
306 3209 408 3259 liieron.
438 3208 530 3258 Clrron.
559 3224 581 3273 p.
600 3207 665 3269 etr;
692 3207 826 3257 Curiosum
853 3207 926 3256 urbia
953 3207 1018 3271 qnod
1045 3207 1141 3256 dicitur
1167 3207 1285 3258 Victoris

134 3291 236 3358 (‚,regio
256 3290 288 3341 Vl
307 3291 424 3340 continet
437 3327 443 3340 .
456 3325 463 3338 .
477 3327 484 3340 .
498 3289 609 3352 Floram,
628 3287 784 3354 Capitolium
808 3287 978 3354 antiquum“)l
1001 3288 1050 3338 truc
1076 3304 1124 3337 non
1147 3289 1285 3354 pertinent,

134 3389 193 3424 eum
212 3373 305 3438 partim
323 3379 440 3437 spectent
459 3372 488 3421 ad
506 3373 627 3436 ternplum
646 3371 672 3422 in
692 3370 822 3435 Capitolio
841 3368 935 3420 lactum
953 3370 1046 3436 partim
1065 3384 1098 3420 ex
1112 3370 1228 3422 Varrone
1241 3371 1284 3420 de-

133 3453 246 3523 prompti
264 3455 325 3504 sint.

203 3535 248 3597 ³⁰⁸)
266 3535 362 3586 Cic-d.
381 3550 434 3600 rep.
452 3533 474 3584 ll
497 3533 539 3595 20,
558 3533 603 3596 363
626 3533 667 3596 24,
686 3533 727 3584 rt.
765 3529 823 3581 Liv.
849 3530 859 3580 l
883 3530 923 3582 ³8.
949 3531 989 3580 55.
1025 3531 1131 3598 Dionys.
1157 3530 1189 3581 lll
1207 3533 1241 3582 69
1260 3549 1282 3598 p.

134 3617 194 3678 201,
210 3617 254 3680 18;
273 3616 306 3668 lV
325 3616 357 3666 59
376 3633 397 3682 p.
412 3615 470 3677 257,
485 3615 524 3666 17.
558 3613 626 3664 Plin.
645 3615 670 3664 h.
684 3632 707 3664 n.
722 3612 754 3664 lll
766 3613 782 3663 9
794 3611 811 3678 ἦ
824 3613 865 3662 70.
903 3611 986 3662 Tacit.
998 3612 1059 3662 hist.
1073 3610 1105 3662 lli
1118 3613 1150 3662 72
1169 3620 1282 3665 electe

203 3699 249 3762 ⁸⁰⁹)
267 3697 416 3749 Ambrcsclr.
435 3698 452 3747 l.
473 3713 494 3747 e.
513 3713 536 3763 p.
549 3693 637 3762 leq.

204 3782 249 3843 ³¹⁰)
268 3781 302 3830 ib.
322 3797 345 3846 p.
360 3780 421 3829 168:
441 3779 495 3842 „un
515 3780 579 3828 nach
597 3779 683 3828 aeiner
701 3778 809 3827 Ansieht
827 3777 869 3826 alie
886 3776 996 3827 Saltiaer
1014 3776 1084 3826 nicht
1101 3791 1149 3824 ann
1166 3775 1284 3840 Quirinal

135 3863 187 3912 und
204 3860 312 3928 Rapitol
332 3861 441 3910 sunder-u
461 3862 524 3909 anch
543 3860 656 3911 Aventia
680 3859 730 3907 aad
755 3857 871 3923 Esquilio
897 3859 995 3906 besetat
1017 3857 1115 3920 hatten,
1140 3871 1168 3906 ao
1191 3857 1284 3906 mniste

134 3945 191 3995 sich
208 3945 270 4005 iun,
287 3942 348 3993 lalls
366 3957 396 3992 er
414 3957 443 3990 so
465 3939 585 4006 fortiahr,
603 3942 659 3990 elne
678 3940 750 3990 nieht
767 3939 874 4002 perlege
893 3937 957 3988 Zalrl
982 3953 1032 3989 von
1052 3935 1160 3988 Glittern
1184 3938 1223 3988 als
1242 3955 1282 3988 sa·

134 4025 251 4076 binisehe
270 4022 422 4075 erweisen“.
1285 4065 1287 4070 .

204 4107 250 4170 ⁸¹¹)
267 4105 297 4156 li.
316 4106 421 4170 Jordan,
438 4103 501 4170 Tap.
520 4103 591 4153 Rem.
610 4102 619 4152 l
639 4103 654 4152 2
672 4119 696 4169 p.
709 4102 754 4152 lt:
774 4101 828 4166 „Es
847 4115 902 4151 war
919 4101 984 4151 acela
1002 4100 1080 4166 siue,
1103 4102 1128 4152 in
1149 4101 1194 4152 der
1211 4100 1283 4152 Nilne

135 4189 207 4239 eines
219 4187 394 4238 bedentenden
408 4186 576 4249 ileiligturnee
589 4186 643 4234 den
656 4183 831 4234 himmlisclren
844 4180 1009 4245 Eigentiimer
1022 4183 1156 4236 desselben
1165 4182 1287 4234 kleinere,

136 4269 400 4332 Verelrrungsst'aitten
420 4283 469 4318 neu
488 4283 519 4316 an
537 4265 654 4317 stilten“.
691 4265 775 4315 Simili
798 4264 871 4314 modo
898 4281 913 4314 a
936 4263 996 4315 love
1021 4264 1118 4314 Latiali
1145 4265 1170 4314 in
1197 4271 1282 4314 monte

136 4353 236 4404 Albano
255 4352 400 4417 posteriore
417 4355 502 4400 aetate
521 4347 581 4398 luno
600 4347 767 4412 Minervaque
785 4352 888 4411 recepta
906 4352 955 4407 eat,
974 4360 1030 4394 cnm
1048 4351 1132 4394 tannen
1144 4344 1225 4409 prime
1241 4361 1283 4394 so·

135 4435 177 4484 lue
196 4433 241 4484 ille
259 4433 377 4498 templum
397 4432 432 4482 ini
449 4430 578 4492 habuerit,
597 4427 628 4478 ci.
648 4425 759 4478 Prellar.
796 4425 994 4492 nycholaum.
1013 4425 1042 4476 Ι8
1062 4441 1084 4490 p.
1098 4425 1155 4476 215.
