3180 5236
761 397 984 458 ..50-

301 575 412 636 m'etres
434 581 533 634 trente
555 573 676 634 nentina
699 573 736 632 de
751 573 822 650 long
836 591 889 633 sur
903 572 952 632 dix
968 589 1006 631 m.
1024 571 1158 631 soixante
1173 571 1293 630 sentim.
1307 571 1344 630 de
1358 570 1450 648 large.

300 671 341 732 La
363 680 449 750 porte
472 672 521 750 qui
544 691 562 750 y
584 671 709 732 donnait
732 673 836 732 1111111
858 679 903 730 est
925 689 1034 730 encore
1057 669 1177 730 dehent.
1223 669 1278 729 Les
1292 677 1450 728 montants

301 771 353 850 qui
376 773 400 830 la
423 770 554 831 forment
575 781 645 831 sont
668 771 756 831 d'nne
779 771 860 831 seule
875 771 957 849 pieoe
972 769 1040 830 bien
1057 769 1144 848 qn’ils
1159 768 1241 828 aient
1255 777 1323 846 sept
1337 770 1449 827 metros

301 871 337 929 de
359 869 447 942 baut3
469 870 488 929 il
511 888 547 930 eu
571 879 616 929 est
638 870 675 928 de
698 874 797 930 mimo
820 869 857 928 de
879 869 1062 929 l'arebitrave
1085 886 1124 928 on
1145 869 1257 928 linteau
1272 868 1324 947 qui
1339 885 1449 946 repose

199 993 202 997 ·
300 985 352 1034 sur
373 987 422 1029 eos
445 969 520 1028 deux
544 969 736 1048 pleds-droits
758 979 789 1029 et
810 969 883 1028 dont
910 971 938 1029 la
959 968 1106 1046 longuenr
1128 978 1175 1028 est
1200 968 1236 1026 de
1262 967 1309 1026 six
1335 969 1448 1026 metros

301 1068 465 1146 cinquante
488 1068 627 1128 eentim“.

385 1165 446 1226 llac
467 1185 503 1226 ex
526 1176 587 1226 tota
608 1166 810 1244 descriptione
833 1166 890 1225 hoo
912 1165 1023 1234 elucet,
1053 1166 1207 1224 eeclesiam
1231 1165 1357 1243 pdmam
1379 1165 1448 1223 lor-

301 1283 378 1326 mam
403 1264 475 1324 satis
497 1283 639 1325 servasse.
684 1265 747 1324 lloo
776 1265 908 1324 iudioaut
936 1273 998 1324 tres
1027 1265 1136 1324 classes
1166 1281 1224 1324 nna
1251 1283 1320 1324 eum
1348 1263 1447 1324 tribus

300 1363 369 1436 aris,
392 1381 467 1440 quae
490 1364 562 1442 quin
585 1364 649 1423 loco
672 1363 748 1423 lovis
771 1361 893 1422 lunonis
909 1362 1056 1422 llinerrae
1078 1363 1146 1431 sint,
1169 1363 1312 1422 dubitatio
1328 1363 1376 1422 vix
1398 1383 1448 1423 re-

299 1461 458 1540 linquatur.
504 1461 619 1540 Templi
642 1470 740 1521 autem
764 1461 921 1520 introitum
951 1461 1027 1520 sicut
1054 1461 1085 1520 in
1114 1463 1226 1540 templo
1256 1461 1331 1520 loris
1354 1459 1447 1520 Pom-

300 1559 397 1639 peiani
419 1578 478 1619 una
501 1571 585 1638 porta
609 1560 727 1620 dedisse
749 1560 875 1618 videtur.
920 1559 1010 1620 Cuius
1032 1561 1136 1638 pronai
1164 1561 1196 1620 in
1219 1560 1330 1638 pariete
1356 1577 1446 1638 snpra

300 1658 445 1735 scripturn
467 1666 529 1717 est:
553 1658 613 1718 lovi
635 1659 750 1736 optimo
773 1658 911 1733 [maximo
926 1658 1033 1717 iunoni
1049 1657 1207 1733 mlinerrae
1221 1675 1287 1734 aug.
1303 1675 1421 1718 sacrum
1439 1655 1443 1734 Ι

298 1773 354 1836 pro
378 1755 476 1816 salute
502 1755 573 1834 imp.
597 1757 681 1832 [caes.
706 1775 746 1816 m.
769 1756 905 1816 antonini
931 1757 1007 1831 alng.
1038 1765 1068 1815 et
1090 1755 1122 1815 L.
1147 1757 1213 1817 Veri
1242 1775 1307 1835 aug.
1337 1757 1447 1816 Arme-

299 1855 479 1932 niaoor(uml
500 1859 504 1908 l
523 1856 599 1918 bled.
627 1857 706 1916 Part.
730 1857 803 1916 llax.
829 1858 856 1933 [l.
881 1857 1017 1932 marcius]
1044 1856 1185 1934 Simlplex
1212 1865 1242 1916 et
1263 1857 1282 1915 l.
1306 1856 1445 1932 marcius]

299 1955 432 2034 Simplex
445 1954 625 2032 Regillianns
640 1974 692 2016 sna
708 1955 862 2034 p(eounia)
877 1953 1110 2033 l(eoemut)¹⁸⁶).
1140 1956 1237 2034 htque
1247 1954 1280 2014 in
1292 1955 1445 2034 epistylio:

298 2051 331 2111 L.
355 2052 482 2114 blareius
505 2053 638 2132 Simplex
668 2064 698 2115 et
725 2055 758 2114 L.
784 2053 931 2122 Marcius
962 2054 1094 2132 Simplex
1120 2053 1301 2132 Regillianus
1323 2073 1348 2114 s.
1372 2074 1402 2133 p.
1423 2054 1445 2114 l.

298 2151 424 2212 blareius
440 2152 572 2232 Simplex
595 2153 672 2214 baud
695 2153 784 2214 dubie
806 2161 851 2214 est
873 2153 909 2226 is,
932 2153 979 2214 cui
1002 2171 1093 2231 pagus
1108 2160 1138 2213 et
1153 2153 1231 2212 eires
1252 2152 1443 2230 Thuggenses

298 2250 336 2310 ob
365 2252 512 2329 egregiam
547 2253 611 2312 eius
643 2253 675 2312 in
703 2253 828 2330 patriam
859 2251 1090 2312 munificentiam
1121 2260 1249 2312 statuam
1279 2257 1446 2330 posuerunt

297 2347 349 2426 (ef.
371 2349 417 2408 tit.
440 2369 470 2409 n.
496 2350 600 2428 1494).
646 2350 831 2427 Thuggensis
861 2351 961 2430 oppidi
989 2351 1084 2410 forma
1114 2349 1238 2410 diversis
1259 2348 1444 2428 temporibus

298 2465 374 2526 quae
393 2447 484 2508 fuerit
499 2448 712 2510 Wilmannsius
734 2450 766 2508 in
781 2452 903 2527 praelat.
927 2449 970 2508 tit.
995 2447 1038 2527 (p.
1058 2447 1128 2523 173)
1151 2449 1298 2528 exposuit.
1342 2448 1444 2508 Primo

298 2545 376 2606 enim
401 2547 519 2608 saeculo
548 2549 712 2626 appellatur
733 2566 825 2626 pagus
847 2547 961 2625 Thugg.
992 2554 1033 2620 tn.
1060 2547 1164 2621 1418),
1193 2547 1325 2608 seeundo
1347 2546 1445 2607 blaroo

296 2653 440 2721 regnante
468 2664 562 2724 pagus
584 2655 616 2706 et
637 2647 738 2707 civitas
770 2647 814 2724 (n.
839 2645 1054 2723 1494),111111
1077 2646 1134 2706 sub
1156 2646 1322 2708 Alexandro
1345 2645 1446 2706 muni·

296 2741 407 2822 oipium
430 2742 610 2822 Septimium
631 2745 784 2806 Aurelium
807 2744 947 2804 Liberum
969 2744 1089 2823 Thugga
1113 2749 1156 2816 (n.
1182 2743 1277 2821 1484)
1306 2753 1337 2804 at
1358 2745 1445 2805 titulo

296 2857 326 2900 n.
349 2839 431 2900 1487
461 2860 541 2904 anno
568 2863 597 2922 p.
623 2844 690 2902 Chr.
712 2843 771 2902 261
805 2844 904 2921 posito
933 2844 987 2903 ool.
1016 2842 1127 2904 Licinia
1156 2843 1298 2921 Septimia
1329 2842 1445 2904 Aurelia

296 2939 512 3000 Alexandriana
535 2941 666 3018 Thugga.
690 2941 901 3019 Reipublicae
928 2941 1016 3020 igitur
1037 2948 1132 3002 status
1159 2941 1200 3000 ita
1223 2941 1342 3002 ridetur
1362 2959 1444 3002 eom-

297 3045 431 3098 mutatns
453 3056 519 3098 esse
541 3047 575 3100 ut
596 3057 611 3098 a
635 3039 745 3100 Severo
762 3040 922 3120 municipii,
945 3039 1077 3102 Gallieno
1092 3046 1238 3118 regnante
1253 3040 1367 3101 colonia
1381 3041 1444 3102 iure

297 3145 463 3198 ornaretur.

653 3287 683 3354 b.
719 3287 891 3352 Provincia
913 3286 1074 3355 Numidia.

785 3428 949 3483 Theveste.

381 3528 417 3588 ln
449 3548 521 3592 arou
553 3533 751 3610 quadrifronti
781 3535 864 3594 intus
898 3553 916 3594 a
943 3534 1044 3594 dextra
1071 3532 1213 3612 oppidum
1241 3533 1365 3594 intranti
1391 3553 1441 3596 oc-

297 3629 392 3690 currit
415 3629 445 3690 ὓ
469 3629 600 3690 Cornelii
621 3631 764 3709 Egriliani
784 3633 926 3712 praefecti
947 3633 1071 3709 legionis
1093 3631 1171 3692 Xllll
1193 3632 1330 3711 geminae
1350 3641 1441 3694 testa·

296 3737 448 3798 mentum,
476 3746 535 3807 qno
567 3747 702 3808 magnam
730 3731 773 3792 111
802 3732 951 3792 familiaris
979 3739 1095 3810 partem
1124 3733 1234 3810 populo
1263 3731 1441 3794 Thevestino

179 3874 181 3878 .
296 3826 401 3906 legavit
422 3827 474 3898 ita,
495 3835 529 3888 ut
550 3846 635 3890 arcus
658 3848 727 3890 cum
750 3831 857 3892 statuis
878 3832 971 3909 hugg.
1001 3847 1055 3890 nu.
1084 3838 1113 3890 et
1135 3831 1297 3910 tetrastylis
1325 3830 1441 3891 duobus

297 3943 365 3986 eum
388 3926 494 3986 statuis
517 3926 639 3988 lunonis
669 3937 699 3990 et
725 3929 871 3992 hlinerrae
896 3929 929 3989 in
956 3932 1022 3988 toro
1048 3929 1133 3988 lieret
1161 3929 1309 4009 certisque
1337 3928 1441 3992 diebus

295 4023 411 4101 pobliee
434 4025 466 4083 in
488 4024 613 4086 thermis
636 4029 746 4107 populo
768 4027 919 4105 gymnasia
942 4027 1157 4106 praeberentur
1178 4027 1228 4104 (cl.
1245 4028 1276 4088 C.
1293 4028 1314 4088 l.
1329 4028 1362 4088 L.
1380 4027 1441 4086 Vlll

296 4139 325 4180 n.
345 4119 452 4200 1859),
474 4131 627 4201 praeterea
649 4126 793 4206 pecuniae
816 4143 884 4204 pars
907 4125 942 4185 ad
966 4123 1142 4206 Capitolium
1166 4125 1362 4201 daretur·¹⁸⁷).

363 4340 405 4401 ιο1)
424 4338 451 4389 C.
464 4338 482 4388 l.
496 4337 524 4388 L.
537 4339 592 4390 Vlll
612 4358 634 4389 n.
656 4342 695 4392 14.
715 4341 755 4390 11.
777 4341 852 4392 1412.

363 4421 405 4484 ¹⁸⁷)
424 4421 485 4471 ibid.
509 4438 532 4470 n.
553 4422 633 4472 1858:
658 4422 789 4488 [datasque
813 4423 853 4485 ald
874 4420 1050 4488 kapitol(iun)
1074 4424 1199 4486 ugente]
1220 4422 1322 4490 mm)
1346 4421 1440 4474 (mxx
