3180 5236
619 452 912 514 -19-·

157 633 250 712 ipsam
279 629 480 692 aemulabatur
507 635 536 689 et
564 627 786 706 imitabatur⁴⁵).
831 627 911 688 Bello
933 627 1014 688 enim
1042 626 1140 688 sociali
1168 629 1303 690 conlecto

158 751 225 792 oum
243 748 347 790 omnes
361 727 459 789 ltaliae
475 727 563 788 urbes
581 728 625 788 ius
643 745 770 805 aequum
789 735 818 788 et
834 746 887 805 par
902 727 1024 805 adeptae
1040 734 1141 788 essent
1155 734 1185 786 et
1198 726 1304 798 Roma,

159 849 234 908 quae
263 837 331 890 ante
359 828 387 888 id
412 836 531 906 tempus
563 827 732 905 metropolis
762 834 791 886 et
822 825 989 886 eommunis
1022 835 1172 905 tamquam
1210 826 1303 905 patria

160 927 294 987 omnium
317 926 428 997 iuerat,
458 943 494 986 ex
524 924 596 986 urbe
625 925 758 1003 principe
782 925 875 1004 prima
907 924 985 986 inter
1007 943 1093 1002 pares
1116 925 1193 986 faeta
1216 934 1304 999 esset,

158 1027 376 1105 provinciarum
402 1024 557 1103 praecipua
581 1025 686 1103 oppida
711 1033 743 1084 ut
764 1025 855 1084 Roma
880 1024 970 1084 totius
993 1023 1109 1102 imperii
1133 1024 1304 1103 metropolis

158 1125 197 1186 ita
220 1125 310 1185 altera
334 1124 478 1203 quaedam
495 1141 582 1201 parva
598 1141 668 1184 suae
691 1123 860 1202 provinciae
875 1123 967 1184 Roma
991 1131 1021 1184 et
1042 1141 1107 1184 esse
1124 1131 1151 1182 et
1168 1121 1305 1202 appellari

159 1224 304 1297 volebant,
329 1242 399 1284 cum
423 1223 503 1284 nullo
527 1223 616 1282 modo
639 1222 782 1300 insignius
805 1231 927 1302 possent
950 1222 1069 1284 laudari.

690 1397 778 1453 Nola.

246 1520 422 1600 Capitolium
447 1519 593 1578 Nolanum
619 1518 676 1579 nisi
700 1519 770 1578 actis
799 1517 890 1578 sancti
918 1517 1020 1578 Felicis
1043 1516 1204 1596 presbyteri
1233 1535 1306 1578 nus·

159 1640 248 1700 quam
274 1619 355 1698 quod
384 1619 475 1678 sciam
506 1625 764 1678 commemoratur.
810 1618 851 1676 Ac
881 1617 940 1676 duo
969 1616 1089 1696 quidem
1113 1617 1233 1677 fuerunt
1255 1616 1307 1693 qui

160 1739 184 1778 s.
214 1717 315 1778 Felicis
346 1734 456 1778 nomen
487 1735 557 1794 prae
588 1735 620 1777 se
642 1717 771 1788 ferrent,
799 1733 928 1794 quorum
952 1715 1077 1776 alterum
1100 1715 1306 1794 presbyterum

160 1815 352 1891 Nolanum⁴⁶l
377 1816 514 1876 Paulinus
538 1823 583 1876 tot
609 1815 743 1876 laudibus
765 1814 868 1874 extollit
891 1823 920 1873 et
944 1813 1028 1874 cuius
1048 1814 1139 1874 vitam
1161 1823 1307 1876 mortam·-

159 1937 216 1997 que
245 1916 402 1994 Gregorius
431 1915 615 1975 Turonensis
650 1913 735 1976 lib.l
769 1913 807 1973 de
838 1913 1125 1998 gloriamartyrum
1159 1931 1220 1992 cap.
1248 1913 1307 1974 tot

159 2016 294 2096 pluribus
318 2015 481 2092 descripsit.

246 2115 326 2174 Alter
342 2133 364 2174 s.
381 2113 469 2182 Felix,
492 2113 543 2192 qui
566 2112 638 2172 actis
654 2110 808 2190 presbyter
825 2110 976 2171 Romanus
993 2111 1108 2183 dicitur,
1132 2110 1309 2190 visitatque

162 2213 240 2274 diem
265 2231 438 2291 supremum
462 2212 536 2272 obiit
558 2210 707 2288 Nolae47).

247 2313 378 2386 Quorum
393 2319 454 2371 acta
468 2329 646 2389 quamquam
660 2309 828 2378 „veteribus
845 2309 927 2368 libris
938 2316 1029 2369 mss.“
1044 2309 1150 2369 tradita
1168 2310 1308 2372 feruutur

161 2419 260 2470 tamen
285 2411 318 2470 atl
345 2419 474 2470 nostram
492 2409 709 2488 quaestionem,
733 2427 799 2468 oum
817 2408 872 2468 alio
888 2409 952 2468 loco
970 2407 1102 2487 Capitolii
1117 2423 1180 2470 nou
1195 2407 1307 2470 mentis)

160 2510 217 2581 frat,
235 2520 343 2569 certam
362 2509 448 2568 fidem
466 2515 615 2586 praestare
632 2525 690 2566 non
706 2513 843 2586 possunt.
879 2506 927 2567 Sic
941 2505 1030 2584 igitur
1046 2525 1112 2566 cum
1130 2505 1183 2565 alia
1201 2505 1307 2584 oppida

162 2607 392 2686 respexerimus
416 2606 505 2666 Nolae
528 2607 585 2666 tale
608 2605 751 2682 templum
775 2605 869 2664 fuisse
891 2622 952 2664 non
975 2605 1038 2664 sine
1060 2604 1190 2664 veritatis
1212 2603 1309 2682 specie

164 2723 230 2764 esse
253 2706 304 2764 sed
328 2723 365 2764 ex
388 2703 443 2762 illis
467 2704 538 2762 actis
555 2705 636 2764 nullo
652 2703 827 2781 pactoeffici
843 2722 930 2782 posse
954 2703 1194 2764 existimabimus.
1234 2703 1306 2763 Cum

164 2811 262 2862 autem
287 2801 496 2878 topograplriae
512 2801 641 2862 Nolanae
666 2821 759 2880 usque
782 2803 816 2861 ad
834 2803 914 2862 bunc
928 2803 1005 2862 diem
1024 2803 1078 2864 viri
1093 2803 1171 2864 docti
1188 2821 1309 2881 operam

164 2918 224 2960 non
246 2899 460 2978 impenderint,
482 2899 537 2959 hac
559 2899 589 2958 in
615 2919 646 2959 re
668 2901 856 2978 acquiescere
873 2919 928 2961 nos
945 2910 1071 2978 oportet,
1089 2919 1157 2961 oum
1174 2917 1310 2979 praeser-

162 2999 215 3059 tim
244 2999 417 3060 dmbrosius
441 2997 499 3058 Leo
523 2998 668 3069 Nolanus,
703 2999 785 3059 ouius
820 3018 919 3060 rerum
950 3000 1054 3062 Nolan.
1083 2999 1156 3060 liber
1186 3019 1202 3063 a
1229 3000 1310 3061 1517

164 3189 330 3239 eontinentur
359 3189 437 3238 etiem
463 3189 510 3237 boc
538 3195 578 3238 est
604 3188 729 3250 ingeniosi
756 3188 808 3240 viri
832 3190 958 3255 opinatio,
986 3205 1049 3254 quae
1073 3191 1142 3242 nullo
1161 3196 1310 3252 argumento

165 3271 287 3320 firmatur.

232 3353 266 3415 ⁴⁵)
284 3351 336 3402 Cic.-
356 3351 380 3400 d.
399 3351 447 3414 leg.
466 3365 520 3412 agr.
540 3350 559 3400 ll
579 3352 623 3402 32:
650 3359 711 3402 tunc
739 3359 827 3402 eontra
855 3354 918 3404 hanc
945 3353 1059 3418 Romam,
1087 3369 1240 3404 communem
1268 3367 1310 3418 pa·

162 3436 250 3486 triam.
267 3435 375 3484 omniurn
402 3441 530 3495 nostrum,
559 3434 603 3482 illa
627 3435 709 3484 altaro
731 3433 805 3484 Roma
833 3443 984 3500 quaeretur;
1011 3435 1119 3501 Philipp.
1144 3434 1309 3486 orat.X113

163 3516 207 3582 §7
226 3531 297 3582 quem
315 3518 347 3566 ad
365 3517 463 3566 modum
482 3523 596 3566 nostrum
614 3517 661 3568 boo
679 3517 815 3566 consilium
828 3518 910 3582 Capua
930 3518 1055 3582 probabit,
1074 3533 1136 3582 quae
1155 3517 1310 3582 temporibus

162 3599 203 3649 his
225 3599 303 3648 lloma
331 3600 414 3648 altera
438 3605 489 3660 est;
516 3598 547 3648 de
570 3599 618 3660 leg.
638 3613 692 3660 agr.
713 3597 733 3648 ll
751 3598 783 3648 34
806 3599 896 3649 Cicero
919 3598 949 3647 de
972 3599 1070 3650 colonia
1095 3615 1117 3650 a.
1137 3598 1165 3648 L.
1187 3599 1310 3650 Considio

164 3688 191 3731 et
208 3681 267 3732 Sex.
286 3681 367 3731 Saltio
386 3680 495 3745 Capuam
519 3680 628 3732 deducta
645 3682 690 3732 sed
708 3696 773 3732 anno
799 3687 858 3745 post
881 3681 981 3732 sublata
1007 3682 1135 3733 disserens
1163 3680 1310 3730 colonorum

165 3762 305 3826 superbiam
324 3763 361 3812 ita
379 3761 515 3812 describit:
535 3778 590 3811 curn
609 3764 703 3812 ceteris
723 3763 748 3811 iu
768 3763 877 3814 coloniis
896 3764 1025 3816 duumviri
1044 3763 1219 3828 appellentur,
1237 3762 1263 3812 hi
1282 3776 1313 3814 se

165 3850 297 3906 praetores
324 3843 450 3909 appellari
473 3843 599 3894 volebant,
636 3843 731 3907 Quibus
755 3845 851 3909 primus
874 3859 955 3896 onnus
974 3845 1038 3896 banc
1057 3843 1223 3908 cupiditatem
1241 3849 1310 3891 attu-

166 3923 254 3986 lisset,
280 3939 362 3974 nonno
386 3925 547 3978 arbitramini
571 3927 659 3990 paneis
687 3926 760 3976 annis
779 3923 859 3976 luisse
877 3926 1008 3976 consulum
1028 3939 1115 3974 nomen
1134 3924 1308 3989 appetituros?

167 4003 263 4056 Deinde
281 4007 409 4057 anteibant
427 4007 543 4070 lictores,
563 4022 611 4056 non
631 4021 688 4062 cnm
706 4007 807 4056 bacillis
827 4009 868 4056 sed
888 4014 917 4060 nt
935 4007 976 4056 hio
994 4007 1157 4072 praetoribus
1181 4011 1312 4068 anteeunt,

166 4102 221 4136 cum
240 4084 350 4136 fascibus
369 4089 473 4139 duobus.
509 4089 590 4138 Erant
607 4089 707 4138 hostiae
725 4089 834 4138 maiores
853 4089 879 4138 iu
903 4087 958 4138 loro
983 4089 1199 4144 constitutas...
1219 4087 1313 4143 deiude

165 4175 251 4233 patros
270 4169 409 4231 conscripti
429 4169 599 4230 vocabantur;
619 4169 651 4220 ei.
671 4170 766 4220 Auson.
787 4170 898 4221 declar.
917 4170 976 4220 urb:
996 4170 1042 4222 ille
1061 4176 1150 4234 potens
1174 4169 1311 4234 opibusque

166 4250 255 4300 valens
273 4248 350 4300 Roma
368 4250 451 4302 altera
469 4253 599 4316 quondam.

233 4332 264 4392 ⁴⁰)
284 4332 350 4384 Aeta
368 4348 388 4380 s.
406 4331 512 4396 Felicis,
530 4331 686 4382 confessoris
704 4331 849 4398 presbyteri
865 4330 973 4395 Nolani,
991 4347 1031 4396 np.
1051 4331 1164 4382 Bolland.
1178 4329 1243 4380 xlx
1255 4329 1307 4383 ket.

165 4411 241 4468 Febr.
260 4411 349 4476 (mens.
368 4412 419 4464 lan.
438 4420 489 4464 torn
507 4412 536 4476 ll,
556 4428 579 4477 p.
598 4413 646 4466 219
660 4415 733 4478 squ).

233 4493 266 4560 ⁴⁷)
283 4493 343 4546 ibid.
362 4511 386 4560 p.
404 4494 455 4551 ,232
469 4509 521 4560 sqq.

1118 4575 1150 4631 2*
