3180 5236
602 413 824 506 Λεμ-

137 597 226 658 listas
257 593 408 656 Antiochia
438 583 602 654 Abellin'um
634 593 728 664 venit,
756 593 807 653 ubi
836 609 973 671 magnam
1002 593 1155 654 bominum
1184 593 1285 654 multi-

137 697 275 757 tudinem
311 695 345 755 ad
381 694 466 754 fidem
501 693 696 753 Christianam
731 692 888 753 convertit.
944 691 1056 752 Deinde
1091 711 1182 772 prope
1211 693 1285 753 lovis

139 796 303 856 aediculam
327 793 447 854 ecclesia
471 799 638 852 constructa
663 791 781 852 assidue
811 791 1009 872 ,‚praadicat“.
1060 791 1102 851 Ad
1132 799 1286 853 senatores

140 895 284 955 Firmium
302 893 496 952 Fortunatum
524 899 553 951 11
574 891 746 952 Faustinum
770 891 929 951 accersitus
953 909 1019 951 cum
1044 891 1099 951 diis
1122 891 1285 951 sacrificare

140 1001 290 1054 recusaret
314 1011 328 1050 a
354 999 456 1050 monte
478 989 641 1069 Capitolino
665 989 808 1050 indorum
827 989 956 1050 deiectus
972 995 1001 1050 et
1017 1007 1032 1048 a
1049 988 1122 1048 lovis
1139 988 1286 1067 pontilici-

141 1093 196 1153 bus
220 1092 322 1150 illusas
347 1088 447 1166 11111).
493 1089 624 1166 Rogatus
647 1088 677 1148 in
702 1089 735 1148 G.
761 1088 928 1148 Henscboni
956 1095 1087 1148 actorum
1116 1093 1286 1148 commeato

139 1209 172 1250 se
201 1191 374 1250 observasse
405 1187 445 1247 ait
472 1205 548 1247 anno
582 1187 663 1247 1614
692 1190 853 1264 fragmenta
883 1186 1025 1266 quaedam
1055 1187 1133 1246 velut
1156 1185 1287 1264 ingentia

142 1307 212 1348 saxa
234 1286 336 1365 templi
361 1285 438 1346 lovis·
456 1286 486 1345 in
509 1285 558 1345 illo
581 1293 684 1346 monta
707 1285 881 1364 Capitolino.
928 1284 985 1346 Sed
1009 1293 1042 1345 ut
1065 1293 1097 1345 ut
1121 1293 1179 1353 est,
1208 1291 1287 1345 certe

142 1387 179 1445 de
202 1385 247 1445 bis
271 1384 342 1444 actis
367 1384 444 1443 idem
467 1384 553 1457 valet,
582 1385 659 1464 quod
689 1384 725 1444 de
748 1384 804 1444 illis
828 1383 965 1462 exposui,
996 1402 1063 1444 curn
1088 1383 1124 1443 de
1146 1381 1287 1462 Capitolio

144 1484 262 1544 Nolano
285 1501 373 1562 supra
398 1483 483 1542 verba
507 1483 572 1543 teci.
619 1483 704 1556 Quod
729 1481 762 1542 ad
787 1483 885 1562 oppidi
910 1483 954 1543 ius
978 1483 1097 1550 attinet,
1121 1481 1287 1543 Abellinum

140 1599 322 1662 quamquam
351 1601 366 1644 a
396 1581 489 1641 Plinio
513 1581 542 1641 b.
568 1601 595 1642 u.
620 1582 658 1641 lll
685 1581 797 1652 16,105
825 1581 937 1640 colonia
966 1599 1025 1642 non
1054 1581 1162 1642 dicitur
1188 1588 1287 1643 tamen

141 1701 177 1741 eo
200 1681 265 1740 iure
288 1679 379 1739 luisse
395 1697 461 1739 cum
486 1699 521 1740 ex
544 1679 619 1740 libro
643 1681 697 1741 col.
713 1701 742 1760 p.
761 1677 875 1751 2l9,lb
898 1687 961 1740 tum
987 1699 1021 1740 ax
1044 1680 1287 1760 inscriptionibus

143 1779 297 1850 elucet⁷⁴).
344 1778 416 1838 Cum
440 1779 554 1840 Plinius
582 1789 690 1850 taceat,
723 1779 925 1858 Zumptiusllt
955 1779 1098 1839 coloniam
1127 1779 1288 1840 triumviris

140 1878 250 1939 rectius
282 1876 445 1947 adiudicat,
474 1897 541 1938 rum
570 1886 670 1938 tamen
694 1878 839 1939 Renierus
861 1879 939 1940 illam
969 1878 1048 1938 iuter
1070 1877 1288 1956 duodetriginta

142 1976 269 2055 Augusti
293 1975 421 2036 colonias
444 1975 608 2048 1111111111.

608 2153 830 2216 Beneventum.

230 2277 376 2339 Orbilium
400 2274 567 2353 Popillium,
591 2273 741 2352 plagosum
765 2271 848 2332 illurn
873 2271 984 2333 Horatii
1008 2273 1198 2349 magistrum,
1221 2291 1288 2334 cum

143 2377 303 2440 beneventi
327 2383 412 2436 natus
435 2381 525 2441 esset,
548 2371 627 2432 cives
650 2371 873 2432 honoraverunt
895 2372 944 2441 ita,
968 2380 1001 2432 ut
1023 2380 1149 2432 statuam
1174 2372 1236 2433 eius
1259 2375 1289 2434 ln

65 2524 72 2545 .
142 2477 283 2557 Capitolio
306 2472 510 2556 ponerent⁷⁷l.
555 2471 610 2532 Sed
635 2470 768 2550 Capitolii
793 2489 874 2532 nunc
895 2471 954 2531 iam
977 2487 1016 2531 ne
1038 2471 1193 2550 vestigium
1222 2472 1289 2551 qui·

143 2577 210 2638 dem
235 2581 339 2637 exstat.
384 2573 510 2633 loannes
538 2569 615 2629 enim
639 2570 675 2630 de
699 2570 777 2643 Vita,
808 2569 857 2649 qui
882 2570 1055 2632 thesaurum
1078 2571 1288 2650 antiquitatum

143 2677 305 2736 benevent.
335 2674 445 2734 llomae
473 2689 498 2730 e.
527 2670 605 2728 1754
630 2670 733 2740 edidit,
761 2670 798 2729 de
821 2669 964 2749 Capitolio
991 2672 1062 2733 baec
1091 2671 1176 2733 verba
1205 2671 1287 2731 facit:

144 2782 174 2835 at
193 2772 338 2834 infelicior
361 2769 483 2830 omnino
497 2769 696 2828 Beneventani
715 2768 850 2847 Capitolii
869 2769 1011 2842 11111111,
1033 2771 1117 2831 cuius
1132 2789 1199 2830 cum
1217 2769 1289 2830 nibil

144 2871 292 2952 reliquum
308 2869 503 2950 spectandum
519 2865 612 2926 oculis
625 2867 723 2928 locum
736 2867 823 2928 etiam
839 2867 888 2928 ubi
902 2868 993 2930 luerit
1003 2869 1146 2930 indicasse
1157 2879 1287 2947 negatur.

208 3075 240 3136 ⁷³)
259 3075 291 3124 ib.
310 3088 365 3139 pag.
386 3070 493 3135 1311
513 3071 611 3136 Quibus
634 3071 722 3122 verbis
746 3073 862 3122 commoti
880 3071 948 3124 lovis
971 3073 1103 3138 pontifices
1125 3088 1181 3122 euna
1205 3072 1288 3138 sputis

143 3165 168 3208 ct
187 3156 269 3218 virgis
288 3161 389 3204 caesum
409 3153 538 3202 nonnullis
559 3153 709 3204 vulneribus
726 3155 902 3220 plagaverunt.
940 3153 988 3218 Qui
1007 3160 1095 3218 postea
1113 3154 1208 3204 vinctis
1231 3160 1288 3219 post

142 3245 215 3300 targa
233 3237 346 3286 manibus
364 3242 391 3285 et
408 3237 438 3284 ad
459 3242 567 3284 montem
586 3235 754 3300 Capitolinum
779 3235 916 3301 perductus
934 3236 959 3286 in
983 3235 1065 3285 lorum
1084 3235 1200 3286 deicitur.

142 3318 241 3368 lateras
261 3317 377 3384 pontifex
403 3317 502 3383 quidam
521 3333 554 3368 ex
573 3318 642 3384 illis,
673 3318 778 3368 batillus
805 3319 918 3382 aomina,
945 3317 1080 3368 dissolutis
1100 3319 1154 3369 eius
1173 3317 1287 3368 manibus

142 3400 296 3450 thuribulum
316 3400 339 3448 ei
358 3400 484 3465 porrexit,
502 3407 531 3448 ut
549 3398 615 3448 lovis
635 3399 772 3449 simulacro
791 3401 849 3450 thus
868 3401 1006 3451 adhiberet.

209 3481 241 3546 ²⁴)
259 3481 277 3530 l.
292 3480 320 3531 ll.
333 3480 363 3531 N.
385 3481 462 3531 1875:
487 3481 535 3530 col.
551 3481 662 3532 Veneria
675 3481 750 3533 Livia
765 3483 878 3545 Angusta
892 3484 1082 3535 Alexandriana
1095 3483 1288 3547 Abellinatinm,

140 3563 172 3614 11.
192 3581 215 3614 a.
237 3564 310 3625 1877,
331 3562 506 3612 lava-test.

208 3644 241 3707 11)
259 3645 276 3694 1.
296 3662 317 3694 1.
338 3643 347 3693 1
365 3659 388 3710 p.
409 3643 466 3695 336.

143 3746 147 3754 ·
207 3725 289 3792 71)11.
310 3726 428 3789 Borgbas.
449 3742 504 3792 opp.
525 3728 576 3776 vol.
596 3727 619 3778 V
637 3743 659 3792 p.
679 3726 803 3777 2171111.
823 3728 846 3776 3.

207 3805 411 3869 11111811111.
441 3809 471 3858 de
490 3809 585 3858 illustr.
613 3823 691 3872 gram.
716 3825 737 3858 1.
757 3809 786 3859 91
809 3809 925 3860 Orbilius
944 3811 1043 3860 ubinam
1062 3817 1114 3872 cst,
1142 3809 1287 3860 litterarum

143 3890 257 3942 oblivio?
292 3888 382 3938 Statua
407 3888 463 3939 eius
484 3891 622 3941 Beneventi
646 3891 793 3941 ostenditur
816 3893 841 3941 in
861 3893 993 3957 Capitolio
1016 3892 1047 3941 ad
1066 3891 1200 3942 sinistram
1219 3892 1286 3944 latus

142 3985 288 4022 marmorea.
309 3997 341 4005 -
360 3969 415 4020 Non
437 3971 518 4021 solum
538 3973 618 4034 igitur
637 3972 739 4038 imperii
758 3971 863 4023 Romani
887 3974 978 4039 oppida
998 3973 1124 4040 Capitolia
1148 3975 1178 4025 ad
1202 3989 1287 4025 exem·

141 4055 207 4121 plum
228 4051 297 4100 urbis
317 4051 410 4102 Romae
430 4053 600 4104 aedificabant
618 4055 677 4118 sed,
701 4056 765 4121 quod
790 4056 894 4106 maximi
913 4065 953 4106 ast
976 4057 1108 4119 momenti,
1132 4058 1285 4124 Capitolium

140 4135 207 4186 llum.
226 4133 637 4198 111111111111111,1111111111
656 4137 770 4187 virorum
789 4143 887 4188 statuas
906 4139 993 4188 eodem
1011 4140 1067 4188 loeo
1091 4139 1285 4190 constituerant.

140 4217 230 4268 Romae
254 4215 353 4281 quidem
372 4214 482 4279 Augusti
508 4225 593 4268 aetate
612 4234 671 4269 1111
691 4219 780 4284 templi
799 4219 891 4270 statuis
910 4221 972 4271 adeo
992 4219 1089 4271 referta
1109 4229 1174 4284 erat,
1192 4227 1221 4270 ut
1239 4220 1285 4270 illa

142 4313 225 4349 aarum
243 4298 376 4347 maximam
396 4307 492 4363 partem
512 4300 537 4349 in
552 4298 668 4366 Campum
682 4300 801 4350 Martium
820 4300 945 4352 transferi
965 4302 1073 4353 iuberet.
1111 4301 1188 4353 Cuius
1207 4301 1285 4351 moris

141 4379 191 4429 alia
215 4380 330 4443 exempla
355 4387 458 4432 exstant
485 4383 583 4447 llispali
608 4399 654 4432 nec
673 4399 722 4432 aon
741 4383 866 4446 Veronae,
884 4384 928 4434 nbi
946 4391 1031 4434 statua
1049 4399 1112 4450 quac
1131 4385 1173 4434 diu
1192 4385 1218 4434 in
1237 4383 1286 4434 Ca·

140 4461 229 4528 pitolio
248 4462 364 4512 iacuerat
382 4469 470 4528 postca
489 4465 515 4514 in
535 4462 586 4514 1111
605 4463 771 4515 celeberrimo
790 4465 847 4515 loco
865 4465 1007 4516 constituta
1026 4472 1078 4528 ast3
1096 4468 1138 4518 vd.
1158 4464 1232 4517 11111.
