3180 5236
608 403 827 468 ..45-

134 581 318 643 testimonio
349 599 421 642 usus
454 581 539 642 titulo
567 581 598 642 C.
613 582 635 642 l.
651 581 685 642 t.
707 582 732 643 ll
754 579 896 660 tibilim)
924 581 1090 644 Tarracone
1118 582 1292 662 Capitolium

135 680 240 742 luisse
256 680 311 742 sibi
328 681 472 759 persuasit
482 678 545 755 187).
579 680 766 761 Quamquam
782 698 835 758 ego
852 699 970 760 quoque
987 681 1164 755 Tarracone,
1180 681 1290 762 quippe

137 780 227 858 quod
250 778 389 857 oppidum
414 786 492 840 esset
513 779 606 840 totius
628 779 797 858 provinciae
812 787 902 858 atque
918 780 1008 842 etiam
1024 781 1117 842 totius
1133 779 1292 859 Hispaniae

137 877 290 958 primum,
313 878 371 938 tale
398 877 544 957 templum
575 877 664 940 luisse
687 878 844 940 verisimile
872 879 963 951 doce,
987 887 1089 940 tamen
1112 899 1147 940 ex
1168 880 1217 940 illo
1240 899 1292 940 ar-

138 985 288 1056 gumento
325 993 467 1056 apparere
499 977 674 1056 negaverim.
717 1012 759 1020 —
797 978 883 1039 Nune
916 978 948 1040 in
982 979 1112 1040 medium
1145 979 1292 1058 prodeant

139 1075 292 1136 Braunius
315 1083 344 1136 ot
367 1075 501 1154 quicum
518 1083 646 1138 sectatus
663 1083 708 1136 est
723 1076 829 1154 Saglio,
853 1075 905 1154 qui
920 1076 1029 1137 llliberi
1043 1076 1118 1138 lovis
1136 1076 1292 1156 Capitolini

140 1175 292 1253 templum
314 1174 407 1236 tuisse
429 1174 500 1236 inde
524 1175 716 1248 concludunt,
741 1175 819 1254 quod
835 1174 884 1236 illo
909 1175 1033 1236 concilio
1048 1193 1128 1237 anno
1144 1176 1211 1236 Cbr.
1230 1173 1291 1236 305

140 1273 186 1332 ibi
208 1271 309 1334 habito
334 1272 492 1362 Christiani
518 1272 691 1352 Capitolium
716 1273 876 1334 ascendere
899 1273 1108 1352 vetentur¹⁶⁸).
1154 1274 1292 1347 Quodne

142 1371 305 1432 verisimile
329 1371 449 1450 quidem
473 1381 528 1444 est,
552 1371 670 1451 probari
695 1380 774 1433 certe
797 1389 860 1432 non
882 1379 989 1451 potest.
1037 1372 1118 1444 Quae
1141 1383 1202 1434 acta
1219 1393 1292 1433 con-

142 1469 206 1531 cilii
229 1469 279 1549 qni
302 1469 457 1548 diligenter
479 1470 637 1549 perlegerit
668 1469 756 1530 verba
785 1469 833 1529 illa
861 1487 922 1530 non
950 1470 981 1529 in
1004 1470 1216 1532 illiberitanum
1239 1473 1290 1531 sed

142 1570 176 1629 in
208 1568 360 1648 quodlibet
384 1569 560 1648 Capitolium
591 1569 693 1629 cadere
721 1567 847 1629 libenter
876 1567 950 1628 mihi
977 1569 1118 1630 concedet
1129 1566 1187 1648 ¹⁶⁹).
1232 1569 1291 1630 Nec

142 1667 262 1729 tirmius
283 1667 431 1729 stabilitur
453 1668 628 1748 Capitolium
650 1669 794 1738 badense,
818 1669 897 1748 quod
921 1668 1039 1729 silentio
1062 1669 1290 1748 praeteriissem,

142 1766 205 1826 nisi
228 1767 374 1828 Braunius
395 1768 498 1828 eadem
515 1776 604 1846 atque
620 1767 748 1846 scriptor
762 1775 907 1838 actorum,
930 1785 1006 1846 quae
1026 1768 1062 1828 ad
1081 1767 1152 1828 illud
1169 1767 1292 1846 respici-

144 1861 264 1938 unt¹⁷⁰l
292 1865 480 1944 simplicitate
508 1884 570 1926 rem
600 1865 779 1926 credidisset.
828 1865 886 1926 Sed
917 1865 989 1944 quid
1017 1865 1082 1927 dico
1110 1866 1290 1938 credidisset,

144 1961 230 2044 quasi
255 1963 472 2042 quis'credere
499 1964 604 2044 possit,
638 1964 688 2042 qui
719 1984 785 2026 cum
816 1964 879 2043 ipse
905 1964 1020 2026 nullum
1046 1965 1185 2026 volumen
1210 1965 1291 2027 evol-

144 2065 231 2134 verit,
261 2063 361 2124 omnia
384 2063 433 2142 pio
456 2065 556 2124 animo
579 2063 838 2142 exscripserit¹⁷¹).
884 2065 963 2136 Quae
979 2072 1041 2126 acta
1058 2085 1114 2144 qua
1130 2065 1188 2125 tide
1203 2073 1290 2126 utan-

144 2173 196 2224 tur
218 2163 329 2242 optime
352 2163 539 2241 intellegetur
566 2163 592 2223 si
620 2163 771 2242 scriptoris
798 2162 891 2241 ipsios
922 2161 1009 2222 verba
1037 2163 1086 2224 hic
1114 2180 1288 2241 apposuero.

145 2261 223 2322 nteit
255 2269 355 2324 autem
386 2261 433 2322 ille
467 2262 496 2336 (ᾖ
517 2261 587 2340 att:
622 2261 709 2322 Cum
742 2260 989 2340 congregatio
1024 2261 1289 2340 episcoporum

146 2360 320 2439 synodali
347 2360 514 2422 concilio
544 2360 688 2422 Calliae
720 2361 772 2438 (sc
804 2358 1012 2437 Ebrodonum)
1044 2360 1289 2431 conveniret,

147 2459 295 2540 quidam
319 2459 430 2522 abbas
454 2459 494 2520 ab
517 2459 712 2540 Hispaniis
743 2478 809 2538 pro
839 2457 1078 2520 utilitatibus
1102 2459 1290 2520 ecclesia-

145 2577 226 2620 rum
249 2556 384 2618 ibidem
409 2558 536 2620 adluit.
583 2559 696 2630 Quem
720 2577 800 2619 cuna
829 2577 892 2637 ego
916 2565 1098 2637 peccator
1120 2558 1290 2637 iuquire-

145 2674 239 2724 rem‚
263 2656 409 2716 ubinam
431 2657 555 2735 passio
578 2657 937 2734 gloriosissimorum
967 2665 1170 2735 martyrum
1199 2675 1290 2716 con·

146 2763 329 2816 summata
351 2755 516 2828 fuisset,
545 2755 601 2816 sic
628 2755 716 2816 mibi
739 2773 807 2833 per
829 2755 1002 2814 ordinem
1031 2763 1064 2814 et
1094 2755 1289 2816 veritatem

146 2855 320 2933 exposuit
343 2874 383 2916 ac
404 2855 618 2934 passionem
642 2853 897 2932 conscriptam
914 2853 1029 2914 dedit.
1073 2853 1290 2932 Egoitaque

145 2952 339 3030 accipiens
362 2952 402 3014 ab
423 2953 504 3031 ipso
528 2953 662 3014 abbate
684 2961 788 3031 gesta
806 2961 1012 3032 martyrum
1029 2951 1133 3012 valde
1149 2952 1289 3012 rustice

147 3050 354 3129 composita
381 3051 474 3111 haec
506 3058 546 3110 ut
569 3051 674 3129 potui
707 3069 807 3111 meae
842 3049 1107 3129 simplicitatis
1139 3050 1289 3130 eloquio

149 3168 211 3228 pro
233 3150 374 3211 bonore
397 3169 524 3210 eornm
547 3149 686 3211 credidi
710 3149 1013 3210 emendandaetc.
1031 3157 1085 3210 etc.
1122 3149 1204 3220 Quae
1221 3167 1288 3210 cum

216 3301 257 3361 ¹⁶⁶)
276 3301 373 3352 Arulae
396 3315 538 3367 perparvae
561 3301 710 3367 inscriptum
734 3308 785 3352 ost:
810 3300 860 3352 iovi
885 3301 986 3367 Optimo
1009 3301 1120 3352 Maximo
1144 3300 1288 3366 Capitolino

149 3398 257 3446 sacrum3
276 3381 308 3433 ci.
327 3399 350 3432 n.
364 3383 542 3432 toto-4078.

214 3465 256 3528 1ῠῖ)
275 3465 377 3529 Ephom.
396 3464 483 3515 iterna
500 3462 611 3515 arehdol.
636 3465 687 3514 vol.
708 3464 740 3516 33
758 3465 793 3526 (a.
814 3465 889 3524 tart)
908 3481 931 3530 p.
952 3463 1000 3514 373
1023 3465 1080 3514 adn.
1097 3464 1121 3512 3.
1162 3463 1209 3514 Ubi
1234 3479 1289 3512 cum

148 3552 248 3612 repetat
265 3546 392 3611 Capitolia
416 3546 464 3596 nisi
487 3545 513 3596 in
534 3545 643 3596 coloniis
668 3562 717 3595 non
738 3545 813 3596 obvia
832 3545 903 3607 lieri,
927 3545 982 3594 eius
1006 3560 1119 3594 errorem
1142 3545 1201 3594 inde
1223 3546 1289 3609 quod

146 3628 227 3678 minos
245 3633 349 3678 acnroto
372 3627 399 3676 io
417 3627 581 3678 condiciones
600 3626 758 3690 singularum
777 3628 877 3677 urbium
896 3626 1043 3692 inquisierit
1066 3633 1150 3676 ortum
1173 3643 1229 3678 esse
1248 3643 1290 3678 re-

146 3709 281 3775 prehendo.

213 3790 257 3857 ¹⁸⁸)
276 3789 308 3840 cf.
327 3790 426 3854 Marsi,
448 3805 545 3840 soeror.
570 3789 663 3840 concil.
682 3805 748 3840 nova
766 3796 793 3840 et
810 3789 925 3854 ampliss.
944 3789 1005 3839 coll.
1024 3789 1075 3839 vol.
1088 3786 1110 3838 ll
1121 3804 1145 3853 p.
1159 3788 1202 3839 to:
1230 3804 1289 3854 pro-

146 3871 279 3924 hibendum
304 3872 394 3938 nequis
414 3871 574 3922 Christianus
602 3879 645 3922 aut
668 3871 774 3934 gentilis
797 3871 829 3922 ad
852 3869 946 3920 idolum
967 3869 1086 3934 Capitolii
1109 3885 1186 3920 cansa
1209 3871 1289 3921 sacri-

147 3954 238 4004 ticandi
255 3954 376 4004 ascendat
394 3959 421 4004 ct
439 3952 533 4003 videat.

214 4035 257 4101 ¹⁶⁹)
274 4035 346 4086 Adde
365 4033 430 4100 quod
449 4034 489 4084 illi
507 4049 570 4099 qnos
593 4034 656 4086 citat
679 4033 805 4086 Brauaius
828 4050 851 4100 p.
873 4034 904 4084 16
928 4032 989 4084 libri
1013 4039 1116 4098 praeter
1139 4033 1203 4083 illud
1227 4049 1289 4084 coo-

147 4117 234 4168 eilium
252 4118 282 4168 ad
303 4117 456 4184 Capitolium
475 4116 672 4168 confirmandum
691 4117 756 4168 nihil
774 4116 913 4166 continent.

214 4200 256 4262 ¹²⁰)
274 4199 316 4250 vd.
335 4199 365 4248 Α.
384 4198 429 4250 SS.
447 4197 499 4248 lan.
518 4198 570 4250 vol.
590 4197 620 4248 ill
639 4196 672 4264 (a.
691 4200 714 4248 d.
734 4197 771 4248 Xl
790 4198 841 4249 kal.
855 4197 940 4262 Febr.)
960 4197 990 4248 da
1002 4213 1036 4248 ss.
1056 4197 1212 4265 martyribus
1226 4197 1289 4251 Vio-

148 4283 231 4332 centio
249 4281 358 4332 Orootio
376 4280 484 4334 Victore
503 4279 637 4332 Gerundae
656 4281 682 4330 in
700 4281 830 4346 llispaoia.

214 4363 256 4428 m)
275 4363 314 4416 Ne
332 4363 434 4429 impium
452 4362 508 4428 qois
526 4377 565 4412 roe
583 4362 674 4420 habant
692 4377 754 4426 erga
771 4376 857 4412 manes
880 4359 933 4413 viri
956 4360 986 4410 de
1008 4360 1204 4426 antiquitatibus
1222 4359 1288 4412 nna·

147 4445 220 4498 nanis
238 4446 333 4512 optime
350 4445 438 4498 meriti
457 4444 536 4496 velim
555 4443 671 4496 conferat
687 4445 843 4509 Doeaogium
860 4444 877 4496 l.
896 4460 918 4495 e.
