3180 5236
613 339 834 400 ..69-

149 535 226 596 quae
249 515 290 578 cis
306 516 393 594 Alpes
415 523 500 576 erant
522 517 628 596 oppida
651 515 823 596 primarium
846 517 1004 595 quemdam
1025 518 1121 580 locum
1139 518 1296 582 obtineret.

148 615 236 687 Quod
262 614 388 676 maxime
412 615 487 675 valet
510 615 579 676 inde
607 615 642 675 ab
666 633 745 674 anno
770 615 847 686 292,
876 634 937 694 quo
960 616 1149 678 Constantius
1173 618 1297 680 Chlorus

147 713 189 774 ibi
220 713 337 793 imperii
365 713 466 774 sedem
499 713 669 786 constituit,
707 713 754 773 rui
782 713 831 793 qui
866 725 1074 776 successerunt
1104 715 1297 794 imperatores

147 817 188 887 (e.
214 831 241 891 g.
264 811 458 872 Maximianus
482 812 643 873 herculeus
667 813 881 874 Constantinus
906 813 1051 874 Constans
1075 814 1296 878 Valentinianus

150 911 214 990 alii)
237 911 316 971 idem
335 911 478 978 lecerunt,
503 911 598 970 donec
620 911 729 990 oppido
752 911 914 972 identidem
938 911 1125 972 aGermanis
1148 913 1296 976 devastato

148 1009 235 1068 initio
263 1009 369 1069 saeculi
399 1008 496 1088 quinti
520 1008 588 1069 inde
612 1010 717 1070 cedere
745 1017 774 1069 et
802 1010 1017 1088 praefecturam
1041 1011 1202 1072 transferre
1224 1013 1295 1072 hre-

147 1109 238 1168 latem
262 1107 453 1185 cogebantur.
503 1107 545 1168 Eo
569 1116 668 1168 autem
692 1115 828 1187 tempore
851 1107 922 1168 urbs
945 1108 975 1168 in
995 1107 1177 1170 Francorum
1202 1109 1296 1170 dicio-

150 1227 222 1268 nem
246 1206 391 1286 pervenit.
424 1232 425 1236 ¹

235 1305 287 1364 His
302 1305 391 1382 igitur
405 1305 575 1383 praemissis
592 1305 664 1366 tanti
681 1303 811 1366 nominis
828 1305 859 1365 in
876 1303 984 1382 oppido
1001 1304 1177 1383 Capitolium
1193 1306 1295 1379 luisse,

147 1407 184 1466 ad
210 1404 282 1465 alias
307 1402 394 1464 urbes
418 1403 442 1464 si
464 1404 649 1483 respicimus,
674 1423 735 1464 non
759 1403 848 1463 modo
871 1420 931 1462 non
955 1403 1016 1462 veri
1039 1403 1134 1463 simile
1157 1406 1207 1466 sed
1231 1426 1295 1467 cer-

145 1504 296 1565 tissimum
322 1501 438 1564 videtur
461 1502 604 1579 essem),
627 1502 693 1562 licet
722 1511 905 1577 argumenta,
929 1519 996 1560 cum
1020 1502 1169 1580 pendeant
1191 1523 1206 1564 a
1231 1505 1296 1564 rul-
1375 1501 1377 1506 ’

144 1603 208 1682 gari
234 1604 325 1672 lama,
354 1619 414 1660 non
438 1602 660 1680 multumprae
682 1621 714 1662 se
737 1605 833 1662 serant
854 1600 923 1661 lidei
946 1609 1035 1679 atque
1057 1600 1166 1662 iudicii.

233 1706 276 1761 hc
298 1700 392 1778 prima
416 1701 536 1779 quidem
560 1700 694 1779 Capitolii
717 1699 829 1760 mentio
854 1700 980 1760 occurrit
1003 1700 1034 1760 in
1059 1700 1129 1761 vita
1152 1720 1198 1761 ss.
1224 1701 1295 1762 Eu-

145 1799 263 1861 charii
287 1799 422 1860 Valerii
446 1798 675 1870 Materni²⁶⁸t‚
698 1799 783 1859 cuius
805 1803 908 1860 auctor
930 1796 997 1877 quis
1014 1798 1104 1860 luerit
1120 1815 1180 1858 non
1197 1807 1293 1878 patet:

145 1899 193 1960 alii
226 1897 456 1968 Eberhardo²⁶⁹t
488 1897 535 1957 alii
563 1896 820 1970 Goldsehero²⁶⁰)‚
852 1898 998 1958 monacho
1026 1917 1050 1957 s.
1074 1896 1199 1958 Mathiae
1227 1917 1294 1958 coe-

145 1995 247 2068 nobii,
276 1995 327 2056 ubi
348 2003 414 2057 tum'
442 1996 563 2075 insignis
595 1997 738 2075 quaedam
760 2005 823 2058 erat
846 1997 963 2058 officina
984 1995 1151 2057 fabularum
1175 1999 1296 2058 ecclesi·

147 2093 383 2172 asticarum²⁶¹)‚
407 2095 559 2156 tribuunt.
591 2096 648 2156 Sed
673 2096 809 2176 quisquis
833 2097 897 2169 fuit,
921 2096 977 2157 hoo
999 2103 1123 2172 constat,
1147 2105 1215 2158 ante
1230 2117 1295 2158 sae-

149 2193 298 2256 culumX
329 2192 418 2254 vitam
448 2211 509 2254 non
537 2195 733 2272 conscriptam
758 2192 892 2272 essem).
948 2194 1008 2254 Nec
1030 2213 1100 2256 vero
1122 2196 1294 2256 recentioris

150 2300 196 2354 est
218 2293 337 2362 aetatis,
369 2309 436 2352 cum
464 2310 527 2352 eam
552 2292 678 2370 amplexi
701 2293 762 2352 sint
785 2292 935 2369 Remigius
957 2291 1179 2353 Mediolacensis
1204 2293 1292 2366 (saec.

147 2389 254 2468 xcx.)
285 2397 314 2448 et
341 2389 514 2468 herigerus,
545 2391 633 2452 abbas
659 2391 825 2463 bobiensis,
863 2392 914 2471 qui
942 2410 967 2450 a.
995 2391 1074 2451 1007
1099 2391 1186 2463 obiit;
1220 2393 1293 2454 adde

144 2489 226 2568 quod
250 2495 354 2548 auctor
376 2487 449 2550 vitae
473 2508 495 2548 s.
519 2489 620 2568 Agritii
643 2490 758 2550 saeculo
782 2489 821 2550 Xl
843 2487 1029 2569 scriptae²⁶³l
1053 2489 1088 2550 ad
1113 2490 1292 2551 Eucherium

143 2586 306 2666 respiciens
329 2585 417 2647 verba
440 2587 476 2648 de
499 2588 640 2666 Capitolio
663 2589 738 2650 faeta
761 2589 796 2650 ad
820 2589 942 2650 verbum
967 2589 1028 2649 lere
1050 2589 1212 2668 exscripsit.
1257 2591 1293 2649 ht

144 2695 249 2748 contra
284 2704 347 2746 eam
377 2687 543 2748 saeculoll
576 2687 775 2765 antiquiorem
809 2704 870 2746 oon
900 2706 979 2756 esse,
1013 2688 1082 2748 inde
1109 2688 1292 2766 intelligitur,

144 2785 226 2866 quod
249 2790 367 2863 praeter
390 2803 481 2846 unam
505 2804 528 2844 s.
545 2784 695 2846 Maximini
718 2785 806 2845 vitam
822 2785 931 2844 Treuir.
948 2784 1013 2846 libri
1038 2786 1153 2846 saeculo
1170 2785 1196 2844 X
1214 2787 1293 2847 anti-

143 2885 265 2964 quiores
294 2891 412 2944 exstant
441 2883 585 2960 nulliW).
639 2885 715 2957 Quid
743 2884 832 2962 igitur
858 2884 894 2944 de
925 2884 982 2944 tide
1011 2884 1074 2944 eius
1105 2882 1293 2946 statuemus?

214 3062 257 3121 ²⁵²)
275 3059 445 3126 Imperatores
464 3074 522 3121 eg.
543 3057 749 3108 Valentinianum
769 3065 795 3106 et
808 3056 956 3106 Gratianum
971 3073 993 3106 a.
1008 3073 1030 3122 p.
1045 3058 1103 3107 Chr.
1118 3057 1165 3107 368
1186 3057 1292 3121 (huson.

144 3143 210 3193 Mos.
230 3143 338 3207 420sq.)
358 3141 393 3191 ibi
412 3141 553 3206 triumphos
573 3140 657 3202 egisse
676 3140 798 3204 quomodo
823 3139 904 3188 aliter
922 3139 1031 3201 cogitari
1053 3139 1136 3204 possit
1158 3140 1209 3189 nisi
1227 3141 1292 3204 quod

144 3225 181 3276 ibi
200 3225 319 3289 templum
339 3223 511 3288 Capitolinum
530 3221 618 3284 suerit,
637 3239 684 3286 ego
704 3222 802 3286 quidem
822 3221 918 3272 nescio.

205 3307 258 3368 ¹²⁶⁸)
278 3305 307 3355 Α.
326 3306 369 3356 SS.
390 3303 440 3356 lau.
459 3303 492 3369 (a.
512 3306 535 3354 d.
555 3302 588 3355 lV
607 3302 664 3354 rtur.
684 3305 768 3366 Febr.)
788 3313 848 3356 tom.
867 3303 899 3354 lll
918 3321 940 3370 p.
956 3305 1004 3354 534
1015 3319 1070 3368 sqq:
1090 3305 1216 3367 „Tandem
1235 3320 1292 3370 per·

144 3389 214 3440 lecto
228 3389 323 3438 itinere
336 3387 461 3438 Treviros
474 3395 654 3452 pervenerunt,
672 3387 715 3436 ubi
733 3393 820 3436 tantus
838 3387 996 3448 gentilitatis
1007 3401 1082 3436 error
1096 3386 1186 3447 iuerat,
1205 3393 1233 3436 ut
1246 3401 1292 3436 ex-

144 3471 227 3536 ceptis
250 3469 407 3532 singolorum
431 3470 565 3534 penatibus
594 3469 618 3517 in
645 3485 695 3519 uno
718 3469 776 3518 loco
800 3469 916 3518 civitatis
941 3476 1042 3520 eentum
1067 3475 1163 3518 statuta
1187 3457 1291 3520 idola'a

143 3553 236 3618 populo
255 3552 415 3616 generaliter
435 3552 582 3600 colerentur
600 3557 627 3601 et
645 3566 691 3616 per
709 3566 739 3600 ca
757 3550 847 3600 miseri
865 3551 999 3616 responsis
1012 3551 1161 3600 daemonum
1173 3565 1203 3600 ae
1216 3566 1290 3615 prae-

144 3635 231 3700 stigiis
255 3633 447 3684 deluderentur.
539 3633 648 3697 Cumque
676 3648 696 3682 s.
720 3632 860 3682 Eucherius
884 3648 929 3698 per
953 3631 1068 3696 singulos
1093 3631 1148 3682 dics
1172 3633 1291 3696 populum

143 3717 300 3774 admoneret,
319 3722 347 3764 ut
367 3715 436 3765 idola
451 3730 516 3764 vana
528 3715 614 3766 colere
628 3722 768 3777 cessarent,
787 3713 893 3779 quodam
906 3713 947 3764 die
961 3751 967 3762 .
982 3750 987 3760 .
1003 3749 1008 3761 .
1022 3712 1156 3778 pontifices
1169 3712 1290 3777 Capitolii

142 3798 240 3848 invidia
260 3797 377 3847 succensi
396 3796 528 3846 maximam
547 3805 645 3862 partem
663 3796 750 3861 populi
769 3802 859 3846 contra
879 3811 922 3845 eos
941 3794 1160 3844 concitaverunt“.

212 3879 257 3942 ²⁶⁹)
276 3879 420 3942 Hontbeim,
439 3877 503 3928 Hist.
522 3877 624 3929 Trevir.
644 3877 704 3942 dipl.
723 3876 733 3926 l
751 3893 774 3942 p.
793 3875 873 3938 XVll,
891 3874 923 3925 lll
941 3891 964 3940 p.
977 3875 1037 3924 965.

211 3961 257 4024 ²⁸⁰)
275 3959 390 4010 bolland.
409 3959 426 4008 l.
447 3975 468 4008 c.
487 3957 566 4024 prael.
587 3958 602 4022 ᾗ
622 3959 645 4009 3.

211 4041 255 4107 ⁹⁶¹)
274 4039 453 4102 wattenbach,
474 4040 657 4091 Deutsoblands
677 4038 929 4104 Gcschichtsquellen
949 4036 1029 4087 1197.

211 4123 255 4186 ²⁶²)
275 4122 371 4183 waitz,
388 4120 473 4172 Prael.
493 4129 558 4184 gest.
577 4121 680 4172 Treuir.
705 4137 743 4187 ap.
762 4119 903 4184 peruium,
928 4119 996 4172 Mon.
1016 4119 1100 4170 Germ.
1126 4121 1213 4186 script.
1233 4119 1288 4170 Vlll

143 4223 166 4271 p.
187 4205 244 4256 113.

211 4286 257 4350 ²⁶⁸)
275 4286 306 4336 Α.
324 4284 368 4335 SS.
388 4283 437 4334 lau.
457 4291 516 4333 torn.
535 4282 556 4334 ll
575 4301 596 4350 p.
610 4284 650 4334 55.

212 4369 255 4432 ²³⁴)
274 4367 370 4419 Waltz.
388 4367 406 4417 l.
426 4381 447 4417 a.
468 4383 491 4432 p.
507 4365 562 4418 lll.
