3180 5236
786 428 1003 491 „gg..

324 625 349 667 s.
372 606 498 678 Maerae,
526 606 634 686 quibus
662 605 762 685 templi
786 603 900 664 mentio
923 603 1030 675 sitm),
1057 603 1161 664 confisi
1184 601 1237 662 riri
1260 602 1338 663 docti
1361 601 1473 663 Galliae

323 706 410 782 vulgo
434 705 567 766 credunt.
606 708 642 765 at
664 705 793 783 primum
810 704 881 764 actis
897 713 1078 774 sanctorum,
1102 702 1160 762 nisi
1176 703 1292 762 accedat
1307 719 1472 781 argumen—
1564 755 1565 774 ,

323 811 422 864 torum
445 804 570 882 pondus,
587 803 674 863 tidem
697 803 806 864 habere
829 819 891 862 non
911 799 1140 881 possumnsffl).
1190 799 1301 860 Deinde
1324 802 1421 880 passio
1445 820 1470 860 s.

323 901 447 972 Maurae,
468 911 537 962 ante
561 901 781 981 Carolingorum
811 911 944 980 tempora
974 919 1034 960 non
1059 901 1234 979 conscripta.
1266 907 1326 960 tam
1355 901 1472 961 sincera

323 1010 353 1060 et
381 1002 551 1079 incorrupta
582 1018 642 1060 non
673 1001 888 1072 videturesse,
920 1009 950 1060 nt
979 999 1106 1059 nimium
1134 999 1202 1058 lidei
1230 999 1257 1058 ei
1283 998 1471 1072 tribnamns3

323 1108 404 1160 certo
427 1098 477 1178 qui
507 1117 539 1158 ea
563 1099 735 1170 ediderunt,
763 1099 842 1175 quod
874 1097 1075 1157 sinceritatem
1103 1105 1205 1174 augeat
1236 1098 1279 1157 vel
1303 1097 1471 1168 confirmet,

323 1197 397 1258 nihil
420 1196 553 1256 conterre
575 1205 747 1275 potuerunt.

409 1295 511 1374 Neque
534 1315 603 1357 vero
626 1295 798 1367 defuerunt,
822 1295 871 1373 qni
896 1295 974 1370 inde,
1002 1295 1078 1372 qnod
1104 1294 1267 1354 ddemarus
1290 1294 1470 1355 Cabanensis

324 1396 527 1454 Sanctonae
552 1393 655 1454 urbis
680 1393 814 1472 Capitolii
837 1392 983 1464 meminit,
1006 1392 1046 1452 ibi
1062 1393 1137 1452 lovis
1153 1393 1309 1471 Capitolini
1325 1393 1467 1472 templum

323 1491 673 1566 luissestatue1·ent²⁶⁶).
714 1491 770 1552 Sed
795 1491 830 1553 ab
854 1491 904 1552 illo
927 1492 1000 1552 falso
1025 1492 1198 1552 vocabulum
1217 1501 1391 1570 usurpatum
1407 1510 1470 1551 esse

324 1611 391 1652 cnm
416 1609 504 1670 supra
528 1590 570 1670 (p.
591 1590 780 1667 idadn.13)
805 1591 1019 1664 adnotaverint,
1042 1608 1103 1651 non
1127 1590 1220 1650 babeo
1238 1591 1317 1669 quod
1334 1590 1468 1651 hocloco

326 1691 409 1770 plura
435 1690 520 1750 verba
542 1689 657 1750 faciam.

759 1897 792 1960 7.
826 1893 1039 1960 Germania.

712 2061 852 2131 Augusta
878 2059 1089 2115 Trevirorum.

411 2180 570 2258 Postquam
594 2180 746 2258 Augustus
769 2179 911 2240 militibus
935 2179 1067 2239 deductis
1090 2177 1295 2258 indigenisque
1317 2179 1467 2259 adscriptis

325 2279 461 2340 Treviros
484 2278 549 2340 iure
571 2279 705 2340 colonico
729 2276 962 2353 ornaverat²⁶⁶),
986 2276 1170 2356 temporibus
1186 2277 1401 2356 imperatorum
1416 2297 1468 2357 op-

325 2378 428 2457 pidum
452 2379 491 2438 ita
515 2389 561 2440 est
583 2389 720 2450 anctum,
750 2387 783 2439 ut
805 2378 883 2438 brevi
909 2377 988 2438 inter
1010 2377 1192 2446 nobilissima
1217 2387 1246 2438 et
1268 2379 1469 2457 potentissima

394 2517 439 2580 ²⁵⁸)
457 2517 488 2566 Α.
508 2517 551 2566 SS.
570 2515 621 2566 lan.
639 2515 723 2565 tomi
742 2518 774 2577 (a.
794 2517 817 2564 d.
832 2513 886 2566 Vlil
903 2514 1012 2576 idion.)
1032 2530 1054 2580 p.
1073 2513 1122 2564 325
1140 2513 1199 2564 edit.
1223 2515 1332 2580 primae:
1356 2515 1467 2578 „illatio-

325 2614 405 2649 varus
424 2599 465 2658 (de
485 2613 532 2662 quo
553 2599 594 2648 vd.
615 2594 682 2646 int'ru
700 2612 720 2645 s.
742 2613 764 2645 v.
779 2594 892 2658 Treviri)
911 2594 1101 2645 aDiouictiano
1115 2603 1141 2646 et
1153 2595 1307 2645 Maximiano
1322 2597 1346 2646 in
1362 2597 1467 2647 Galliam

325 2681 446 2743 mittitur,
464 2686 493 2728 ut
511 2679 663 2743 religionem
681 2677 886 2730 Christianorum
905 2679 1007 2744 penitus
1026 2679 1199 2728 aboleret
1219 2677 1352 2741 Virginem
1372 2679 1468 2729 nominc

325 2761 438 2812 Macram
456 2761 613 2812 inuenit...
633 2777 704 2826 quam
724 2761 761 2811 sic
780 2761 871 2810 aliatus
891 2768 942 2809 est:
967 2762 1093 2810 ...volo
1114 2777 1175 2825 ergo
1199 2769 1224 2812 te
1242 2762 1322 2823 scire,
1346 2777 1359 2810 a
1384 2777 1468 2810 saera-

326 2843 435 2894 tissimis
454 2844 649 2909 imperatoribus
669 2843 751 2906 legem
770 2857 826 2891 esse
845 2843 979 2906 prolatam,
994 2878 999 2888 .
1015 2879 1020 2890 .
1036 2879 1042 2891 .
1061 2849 1090 2891 ut
1108 2844 1187 2893 omnis
1201 2844 1242 2910 qui
1256 2841 1323 2892 iovis
1337 2843 1470 2906 imaginem

326 2926 456 2988 venerari,
474 2926 524 2974 imo
544 2926 652 2974 adorare
672 2925 801 2984 renuerit,
820 2923 1036 2987 insuperabilibus
1054 2925 1188 2974 tormentis
1212 2925 1414 2974 addicatur...
1433 2940 1470 2974 sa-

326 3008 411 3057 criiica
430 3007 479 3056 diis
499 3007 597 3068 magnis
612 3043 618 3054 .
632 3042 637 3054 .
652 3042 658 3054 .
675 3005 830 3071 prospice
853 3006 889 3052 ad
909 3003 1104 3070 Capitolium
1123 3005 1276 3055 etsacriiica
1290 3005 1348 3055 diis.
1386 3006 1469 3056 Macra

327 3087 474 3153 respondit:
488 3087 614 3148 Christus,
629 3086 668 3136 cui
681 3102 719 3136 me
731 3094 786 3136 tota
799 3087 936 3137 devotione
949 3087 1072 3150 commisi,
1092 3087 1290 3151 Capitolium
1303 3095 1354 3137 est
1367 3103 1469 3152 meum,

325 3170 351 3219 ia
371 3184 444 3235 quem
462 3183 560 3234 semper
579 3167 689 3232 respicio
777 3166 848 3218 Tuae
871 3183 974 3234 praeses
997 3183 1012 3217 a
1035 3169 1260 3219 circumstantibus
1283 3169 1405 3218 iudicium
1428 3186 1470 3220 ex·

326 3253 410 3318 poscit
423 3289 429 3301 .
443 3289 448 3300 .
464 3289 484 3315 .,
503 3267 609 3316 quorum
627 3251 689 3302 hoec
708 3249 757 3300 tuit
774 3251 909 3313 sententia,
928 3258 956 3300 ut
974 3253 1072 3316 quando
1097 3259 1218 3302 renueret
1237 3253 1332 3315 magnis
1360 3253 1410 3302 diis
1428 3253 1470 3301 im-

326 3333 430 3394 molare,
449 3332 485 3380 ad
505 3331 710 3397 Capitolium,
729 3348 777 3396 quo
796 3333 878 3382 libare
897 3333 1052 3398 negligebat,
1071 3333 1132 3384 viva
1151 3324 1371 3384 combureretur“.

395 3414 438 3472 ¹⁵⁴)
457 3411 562 3476 Marlot,
581 3413 695 3462 Histoire
714 3413 743 3463 de
762 3413 848 3464 Reims
866 3411 939 3464 1505
959 3423 1061 3479 praeter
1081 3415 1105 3464 S.
1126 3414 1228 3465 Macrae
1247 3415 1395 3465 memoriam
1409 3415 1470 3464 nihil

326 3495 391 3546 dicit
409 3496 440 3544 de
459 3492 601 3558 Capitolio,
620 3501 731 3544 attamen
751 3495 844 3546 iterum
863 3495 1003 3561 iterumque
1022 3496 1098 3545 testis
1117 3496 1265 3546 adhibetur!
1302 3496 1334 3546 M.
1354 3495 1469 3560 Tailliar,

328 3580 363 3628 Le
382 3585 471 3627 centro
490 3585 517 3627 et
534 3578 559 3627 le
577 3577 641 3626 nord
660 3579 690 3627 de
709 3579 735 3628 la
755 3577 836 3628 Gaule
855 3595 886 3628 au
905 3575 985 3628 siecle
1004 3577 1144 3641 d'Auguste
1163 3585 1188 3628 et
1208 3594 1267 3628 sous
1286 3579 1325 3628 les
1345 3579 1470 3628 Antonius

326 3661 353 3710 in
372 3666 534 3708 commentat.
553 3659 678 3708 Sorbonn.
700 3659 764 3710 1869
783 3661 897 3710 Histoire
922 3661 1009 3726 philol.
1029 3667 1077 3710 etc.
1097 3676 1120 3724 p.
1135 3661 1167 3710 dd
1186 3662 1249 3711 haec
1268 3661 1375 3710 mirifica
1394 3661 1471 3711 verba

326 3741 402 3792 lacit:
422 3739 477 3804 „Un
497 3739 608 3805 capitolo
627 3739 670 3805 qui
690 3756 706 3806 y
724 3747 765 3790 est
783 3737 854 3802 erigi
874 3749 928 3791 sert
946 3739 962 3791 a
979 3741 1003 3791 la
1023 3739 1072 3790 sois
1092 3743 1121 3790 de
1140 3743 1288 3792 sanctuaire
1306 3742 1435 3806 religieux
1448 3749 1471 3792 et

327 3825 358 3874 de
377 3821 459 3888 paleis
479 3839 542 3888 pour
559 3823 597 3871 les
615 3821 810 3884 magistratsl“.

396 3903 440 3966 ²⁶⁶)
459 3903 485 3953 ia
505 3903 684 3954 instrumentis
702 3903 822 3969 publicis,
841 3919 903 3970 quae
922 3903 1067 3969 pertineant
1086 3903 1116 3953 ad
1135 3904 1260 3970 Pipinum,
1285 3905 1410 3971 Capitolii
1429 3921 1472 3956 vo-

328 4002 382 4036 ccm
401 3987 503 4051 saepius
522 4001 658 4036 occurrere
676 4002 724 4051 qno
743 3987 799 4036 iure
818 3985 887 4036 Petr.
907 3987 1029 4037 Pithoeus
1048 3985 1157 4036 Advers.
1176 3985 1196 4036 ΙΙ
1216 4003 1236 4036 c.
1253 3987 1284 4040 18
1302 3987 1472 4050 contenderit,

328 4083 375 4131 ego
394 4067 535 4117 diiudicare
554 4083 603 4116 non
623 4082 732 4133 possum.

396 4149 438 4210 Μ)
458 4147 566 4199 Colonia
584 4157 693 4201 vocatur
710 4147 801 4200 Tacito
820 4149 880 4200 bist.
899 4149 933 4201 lV
956 4149 997 4199 62.
1018 4149 1049 4199 72
1073 4150 1120 4211 ai.;
1145 4150 1193 4199 col.
1217 4149 1283 4214 Aug.
1305 4149 1473 4201 Trevirorum

328 4247 367 4297 ap.
388 4229 432 4280 Or.
451 4229 526 4280 2773.
546 4231 609 4293 839;
628 4231 676 4280 col.
691 4232 755 4294 Aug.
775 4231 845 4281 Patr.
864 4231 967 4281 Treuir.
987 4232 1013 4281 in
1033 4231 1140 4281 nummis
1158 4232 1204 4282 snb
1217 4231 1376 4298 Vespasiano
1395 4234 1472 4283 cusis.

328 4313 470 4362 Secundum
490 4313 571 4376 igitur
590 4329 653 4377 eam,
673 4328 745 4378 quam
764 4311 933 4363 Mommsenus
947 4315 1077 4378 praecepit
1090 4313 1204 4377 regulam
1222 4311 1340 4379 (praelat.
1354 4314 1472 4381 inscript.

329 4399 393 4457 Aug.
412 4394 505 4456 Vinea,
525 4395 627 4445 colonia
645 4396 677 4444 ad
695 4393 828 4445 Caesarem
846 4395 995 4457 Augustum,
1022 4411 1072 4444 non
1091 4395 1122 4446 ad
1145 4395 1259 4460 quemvis
1287 4397 1342 4447 eius
1366 4397 1472 4447 nominis

328 4475 518 4542 imperatorem,
536 4483 566 4527 ut
585 4477 668 4529 voluit
685 4477 818 4543 Zumptins
836 4477 854 4526 l.
873 4492 895 4527 c.
914 4475 925 4526 1
943 4477 1001 4540 385,
1020 4477 1154 4528 referenda
1172 4485 1219 4528 est
