3180 5236
602 405 825 466 „59-

131 582 221 644 mina
245 581 319 642 loris
335 581 458 642 luuonis
474 581 631 652 Minervae,
655 600 690 641 ex
706 581 815 641 electro
837 599 913 660 pmo
930 580 1071 657 imagines
1087 585 1284 652 constructae,

130 679 250 759 quibus
271 680 464 740 suavissimus
494 679 606 759 Cupido
634 680 845 742 delectamenta
876 678 1039 750 ministram
1067 679 1223 739 libationes
1254 687 1284 740 et

128 778 261 838 incensa
277 787 455 856 praeparate.
492 778 668 839 Sacerdotes
685 779 782 858 itaque
799 789 954 840 consuetas
971 787 1147 857 praeparant
1162 778 1283 838 hostias.

129 876 217 949 Quid
252 872 367 936 multa?
401 875 500 936 llluxit
530 876 608 948 dies,
643 877 790 956 patelacto
820 879 931 956 templo
959 876 1096 936 universa
1126 875 1284 936 multitudo

128 974 279 1036 convenit
300 973 480 1036 admirantes
503 975 646 1054 templum
671 975 861 1054 patefactum,
885 975 963 1055 quod
981 974 1026 1034 vix
1043 974 1136 1034 semel
1157 974 1188 1034 in
1204 992 1283 1034 anno

128 1074 308 1153 principum
333 1073 423 1134 natali
445 1072 610 1152 pateliebat.
654 1073 723 1134 Tale
747 1074 827 1134 euim
845 1084 909 1134 erat
925 1091 999 1152 opus
1015 1071 1149 1140 fabricae,
1174 1079 1283 1132 utnon

128 1189 298 1241 marmore,
326 1171 375 1232 sed
400 1170 539 1232 tabulis
563 1171 753 1248 argenteis
783 1171 947 1256 parietes
975 1177 1009 1231 et
1031 1169 1283 1249 pavimentum

128 1278 307 1332 stratum·
334 1269 600 1348 splenderent,
635 1289 727 1332 auro
758 1270 967 1349 purissimo
995 1278 1029 1330 et
1062 1268 1283 1347 margaritis

128 1369 197 1430 vel
219 1367 402 1449 lapidibus
426 1369 635 1448 crispantes
659 1388 835 1430 camerae.
881 1369 1014 1447 Cumque
1029 1368 1127 1429 omnia
1144 1385 1284 1447 pararen-

129 1477 195 1539 tur,
219 1468 371 1544 ingressus
395 1467 539 1546 templum
563 1468 728 1528 Marcianus
751 1467 833 1528 iubet
855 1467 1034 1527 sauctosdei
1051 1467 1165 1526 adduci.
1210 1467 1282 1538 Qui·
1385 1531 1388 1538 ,

130 1566 194 1627 hus
217 1563 415 1645 praesentatis
439 1563 530 1624 dixit:
553 1565 609 1626 hoc
633 1565 712 1626 enirn
738 1567 781 1644 egi
805 1583 858 1645 pro
882 1573 977 1626 vestra
1001 1564 1103 1636 salute,
1126 1573 1159 1626 ut
1179 1565 1210 1625 in
1227 1565 1283 1626 isto

130 1664 263 1725 terribili
285 1663 395 1741 templo
417 1662 502 1723 thura
529 1663 584 1724 diis
605 1664 822 1726 immortalibus
846 1663 1039 1725 incendatis“.
1084 1664 1195 1724 Eodem
1219 1667 1283 1725 sor-

134 1771 219 1823 tasse
242 1771 377 1842 spectaut
399 1760 496 1832 verba,
527 1781 601 1840 quae
631 1763 770 1823 exhibent
799 1772 862 1823 acta
886 1762 1094 1841 disputationis
1124 1782 1147 1822 s.
1170 1763 1283 1822 Acbatii

134 1861 270 1941 episcopi
304 1878 371 1921 cum
407 1861 511 1920 eodem
542 1861 669 1922 fortasse
702 1861 849 1923 Marciano
883 1860 1055 1922 Antiochiae
1088 1859 1281 1933 habitaemi:

134 1959 323 2032 „Marcianus
358 1957 412 2018 ait:
448 1958 683 2020 Christianorum
719 1960 902 2022 cousuetudo
935 1968 990 2031 est,
1024 1959 1115 2020 multa
1149 1959 1181 2020 iu
1213 1959 1283 2020 deos

133 2065 259 2118 nostros
283 2057 433 2118 maledicta
458 2059 641 2137 contingere
664 2067 821 2138 propterea
838 2067 868 2120 te
884 2058 983 2120 venire
999 2076 1115 2120 mecum
1133 2058 1168 2118 ad
1184 2059 1281 2120 lovem

133 2157 341 2234 Iunonemque
363 2153 550 2234 praecipio“.

559 2329 647 2386 Aeliu
669 2328 854 2401 Capitolina.

223 2450 434 2529 Hierosolymis
456 2469 481 2511 a.
498 2469 526 2530 p.
539 2449 606 2511 Chr.
623 2451 663 2510 70
687 2469 701 2510 a
725 2450 792 2510 Tito
816 2449 920 2510 dirutis
943 2458 1096 2530 postquam
1115 2451 1212 2511 ludaei
1235 2451 1281 2511 di-

137 2549 329 2619 drachmum,
359 2549 438 2630 quod
467 2549 548 2628 prius
579 2567 614 2608 ex
644 2549 709 2628 lege
738 2549 769 2610 in
792 2549 893 2628 templi
924 2548 1181 2630 Hierosolymitani
1204 2567 1281 2625 ,usus

136 2649 298 2718 solverant,
322 2647 380 2708 lovi
397 2645 563 2725 Capitolino
579 2647 708 2726 pendere
725 2647 797 2708 iussi
814 2645 971 2724 mentm),
994 2647 1158 2708 Hadrianus
1183 2648 1281 2723 (tertio
1309 2646 1312 2651 ’

135 2750 265 2809 fortasse
280 2746 395 2825 imperii
411 2744 563 2824 annom),
580 2765 639 2824 quo
655 2746 761 2806 melius
777 2747 952 2806 Iudaeorum
969 2747 1107 2808 ferociam
1124 2750 1281 2825 frangeret,

136 2847 169 2908 in
200 2847 263 2907 loco
291 2846 392 2926 oppidi
421 2845 509 2906 deleti
540 2844 685 2905 coloniam
717 2844 826 2904 Aeliam
856 2844 1046 2923 Capitolinam
1076 2845 1230 2906 constituit
1253 2853 1282 2904 et

137 2945 215 3006 lovis
238 2943 395 3022 Capitolini
418 2944 563 3021 templum
588 2942 732 3003 exstruxit
742 2941 805 3016 ²²⁵),
851 2943 963 3003 Veteris
986 2943 1074 3019 igitur
1102 2942 1202 3021 oppidi
1225 2960 1281 3004 no-

138 3045 220 3105 mine
242 3060 361 3121 quoque
384 3041 481 3101 deleto
504 3041 601 3101 heliae
630 3051 741 3100 nomen
770 3059 836 3100 eum
865 3043 941 3119 apud
972 3043 1130 3120 scriptores
1159 3051 1223 3102 tum
1251 3042 1281 3102 in

137 3141 244 3204 tabulis
267 3140 391 3220 publicis
414 3141 509 3200 solum
534 3139 564 3199 in
588 3157 642 3200 usu
666 3149 738 3210 erat,
763 3139 857 3199 donec
878 3139 1006 3218 episcopi
1023 3139 1178 3200 Christiani
1202 3140 1280 3208 illam

140 3241 411 3320 Hierosolymorum
436 3257 536 3300 vocem
559 3238 712 3318 antiquam
739 3238 770 3298 iu
793 3237 969 3300 memoriam
994 3246 1025 3298 ct
1046 3256 1134 3298 usum
1157 3255 1281 3298 revoca-

206 3456 251 3523 Μ)
268 3455 386 3519 Ruinam,
405 3455 469 3506 Acta
486 3461 627 3522 martyrum
646 3454 745 3506 sincera
765 3462 791 3505 et
809 3455 906 3506 selecta
923 3455 1041 3508 Veronae
1061 3455 1123 3508 1731
1145 3470 1167 3520 p.
1183 3455 1240 3505 129.

207 3539 250 3601 ¹¹⁸)
269 3537 316 3588 llio
336 3535 407 3586 Cass.
426 3534 508 3586 LXVI
527 3536 556 3585 t:
576 3530 646 3586 οὕτω
664 3535 715 3603 μὲν
732 3531 764 3586 τὰ
783 3529 958 3603 Ἱεροσόλυμα
976 3533 1006 3586 ἒν
1023 3527 1136 3606 αὐτῇτῇ
1152 3533 1199 3586 τοῦ
1210 3526 1282 3606 Κρό-

136 3637 190 3673 νου
208 3615 305 3690 ἡμέρᾳ,
327 3613 361 3684 ἣν
382 3609 500 3686 μάλιστα
519 3613 558 3690 ἔτι
582 3617 627 3666 καὶ
645 3617 694 3668 νῦν
712 3611 840 3669 Ἰουδαῖοι
861 3618 993 3682 σέβουσιν,
1012 3613 1135 3674 ἐξώλετο·
1161 3618 1207 3666 καὶ
1229 3612 1279 3668 ἀπ’

137 3701 245 3753 ἐκείνου
263 3701 420 3768 δίδραχμον
437 3691 537 3764 ἐτάχθη
556 3694 620 3754 τοὺς
642 3693 674 3748 τὰ
693 3691 796 3765 πάτρια
819 3695 910 3749 αι’·τών
927 3697 976 3762 ἔθη
1001 3698 1227 3764 περιστέλλοντας
1244 3699 1282 3765 τῷ

136 3783 304 3849 Καπιτωλίῳ
321 3783 369 3832 Διὶ
386 3777 446 3832 κατ’
467 3777 526 3836 ἔτος
548 3774 714 3849 «incorreptum
738 3779 770 3830 cl.
790 3779 885 3846 loseph.
906 3781 966 3830 bell.
985 3779 1037 3830 lud,
1057 3780 1100 3831 Vll
1119 3780 1143 3842 6,
1162 3780 1191 3840 6;
1210 3779 1281 3846 Sulp.

137 3866 226 3917 Sever.
246 3866 332 3915 chron.
352 3864 401 3926 (ed.
422 3861 613 3925 rumpitur,
633 3862 656 3911 7.

207 3947 252 4008 ²²⁴)
270 3947 299 3997 Ε.
319 3944 403 4008 liuha,
421 3945 467 3995 llic
486 3945 624 3995 stiidtireba
647 3945 697 3994 und
716 3943 878 4005 biirgerlicbe
897 3941 1057 4006 Verlaesuug
1075 3943 1119 3993 des
1138 3943 1280 3996 rb‘miscben

138 4028 231 4080 Hciehs
249 4027 271 4078 H
289 4028 346 4078 357.

206 4107 250 4174 ²²⁶)
268 4109 323 4158 Dio.
342 4108 413 4159 Cass.
433 4105 518 4158 LXIX
538 4107 583 4157 12:
607 4105 635 4162 re
652 4105 681 4159 δὲ
697 4103 729 4158 τὰ
747 4100 922 4172 Ἰεροσόλυμα
943 4099 1027 4159 πόλιν
1050 4101 1134 4158 αὐτοῦ
1157 4105 1219 4158 ἀντὶ
1236 4109 1282 4172 τῆς

137 4193 354 4258 κατασκαφείσης
373 4189 535 4252 οἰκίσαντος,
553 4183 588 4251 ἣν
599 4191 645 4239 καὶ
656 4191 758 4242 Αἰλίαν
768 4189 963 4241 Καπιτωλῖνον
981 4183 1114 4256 ὠνόμασε,
1132 4191 1178 4239 καὶ
1189 4188 1216 4244 te
1233 4187 1283 4242 τὸν

137 4273 185 4323 τοῦ
202 4273 273 4324 ναοῦ
289 4273 337 4323 τοῦ
355 4273 425 4324 θεοῦ
442 4265 533 4322 τόπον
552 4266 619 4322 ναὸν
635 4272 673 4337 τῷ
692 4273 741 4322 Διλ
757 4268 849 4343 ἕτερον
866 4266 1072 4340 ἀντεγείρανιος
1084 4260 1203 4332 πόλεμος
1219 4265 1282 4322 οὔτε

137 4349 235 4426 μικρὸς
259 4349 320 4405 οὔτε
341 4341 533 4423 ὀλιγοχρόνιος
552 4347 682 4418 ἒκινήθης
711 4352 743 4404 ci.
767 4352 866 4403 Pauliu.
890 4351 950 4403 Nol.
973 4367 1012 4418 ap.
1035 4351 1159 4417 Mignitrm
1183 4353 1280 4404 Patrol.

138 4435 197 4487 Lat.
215 4436 266 4487 vol.
285 4437 315 4488 61
337 4452 359 4502 p.
375 4434 454 4486 3261)
473 4441 499 4486 et
516 4434 585 4500 Sulp.
604 4435 661 4487 Sev.
680 4433 701 4486 ll
722 4435 763 4500 31,
776 4435 799 4485 3.
