3180 5236
744 405 965 468 ..73-

283 580 411 660 primum
436 579 557 659 quidem
582 597 642 640 non
664 581 761 642 solum
784 581 815 641 id
838 581 952 658 egimus
974 589 1008 642 ut
1031 581 1254 661 Capitoliorum,
1277 601 1351 661 quae
1375 601 1434 642 ex-

282 687 397 740 starent
423 687 503 739 extra
529 678 666 749 Romam,
695 680 816 757 vestigia
845 680 1052 759 indagaremus
1080 681 1130 741 sed
1161 681 1250 742 etiam
1280 700 1315 741 ex
1341 681 1433 760 oppi-

284 776 388 837 dorum
419 777 604 856 maximeque
632 777 730 838 ltaliae
761 778 987 840 condicionibus
1017 779 1142 840 fortasse
1170 778 1279 858 aliquid
1307 780 1341 839 ad
1366 779 1433 840 ori-

282 877 381 952 ginem
404 875 505 936 triadis
529 875 709 954 Capitolinae
731 876 935 938 illustrandam
954 878 1030 938 effici
1047 895 1133 956 posse
1148 878 1204 938 rati
1221 878 1310 939 unius
1325 878 1433 938 cuius-

283 993 340 1052 que
363 973 463 1053 oppidi
486 974 700 1046 condicionem,
724 995 798 1054 quae
821 976 919 1046 tuerit,
942 976 972 1035 in
989 993 1113 1036 examen
1130 975 1308 1036 vocavimus.
1343 975 1433 1036 Unde

284 1074 418 1152 exempla
441 1074 476 1133 ad
501 1091 600 1133 unum·
619 1073 717 1134 omnia
733 1093 748 1134 a
765 1075 905 1136 Romanis
921 1083 1077 1153 propagata
1095 1091 1156 1134 nou
1179 1074 1276 1135 solum
1299 1074 1330 1134 in
1346 1075 1432 1134 colo-

282 1171 339 1232 niis
361 1173 411 1232 sed
436 1172 525 1232 etiam
550 1172 580 1232 in
603 1171 727 1250 singulis
751 1172 917 1251 municipiis
940 1172 1027 1233 nobis
1050 1189 1203 1234 occurrere
1221 1171 1431 1252 apparuitW).

281 1269 381 1330 ltaliae
405 1270 582 1349 oppidorum
612 1269 769 1348 municipia
799 1271 922 1331 fuerunt
955 1271 1170 1332 Histonium
1203 1270 1432 1332 Marruvium

282 1368 488 1429 Marsorum
523 1369 707 1430 Ravenna.
766 1369 854 1430 Extra
888 1369 1000 1430 ltaliam
1035 1370 1066 1430 iu
1100 1370 1268 1449 municipiis
1305 1369 1363 1447 (vel
1397 1369 1432 1428 iu

282 1485 356 1546 pago
387 1471 424 1526 ct.
448 1487 475 1546 p.
498 1467 551 1547 52)
580 1468 719 1548 Capitolia
750 1467 840 1528 luisse
868 1469 985 1547 saepius
1014 1469 1246 1529 observavimus.
1292 1468 1433 1528 Colonia-

280 1584 348 1627 rum
378 1573 478 1627 autem
509 1586 668 1628 numerum
697 1567 839 1627 maiorem
870 1586 935 1628 esse
967 1587 1055 1646 quam
1085 1567 1332 1647 municipiorum,
1367 1567 1432 1628 sola

282 1683 368 1726 causa
401 1666 517 1726 videtur
545 1685 625 1738 esse,
655 1667 732 1744 quod
763 1666 829 1726 illae
859 1665 964 1726 urbem
987 1667 1129 1738 Romam,
1159 1665 1242 1728 cuius
1270 1667 1353 1745 quasi
1383 1665 1432 1725 ef-

281 1764 361 1842 figies
385 1783 489 1842 parvae
512 1763 729 1843 simulacraque
752 1783 817 1824 esse
842 1759 986 1843 quaedam
1003 1764 1151 1836 videntur,
1174 1763 1316 1824 imitando
1337 1763 1433 1841 magis

282 1871 493 1941 expresserunt
521 1881 608 1941 quam
638 1862 865 1942 mtmioipiam).
921 1862 1031 1924 Omnes
1060 1863 1149 1941 igitur
1179 1861 1325 1934 colonias,
1359 1880 1431 1922 oum

281 1962 515 2032 deducerentur,
542 1969 660 2040 praeter
683 1969 797 2021 ceteros
821 1962 892 2021 deos
916 1962 1002 2022 etiam
1027 1961 1138 2023 cultum
1162 1962 1285 2022 deorum
1310 1959 1432 2038 Capito-

281 2059 409 2120 linorum
438 2078 540 2120 secum
570 2059 688 2120 duxisse
715 2060 891 2140 putaverim.
947 2061 985 2121 at
1013 2061 1175 2120 dolendum
1197 2067 1257 2132 est,
1288 2059 1367 2139 quod
1394 2059 1432 2118 de

281 2158 418 2231 coloniiS,
448 2178 505 2238 qua
536 2159 753 2220 necessitudine
783 2178 851 2220 cum
881 2159 1037 2238 metropoli
1067 2159 1242 2220 coniunctae
1265 2157 1377 2218 luerint
1400 2165 1433 2218 et

281 2258 389 2337 quibus
413 2259 509 2318 modis
533 2258 597 2319 eius
620 2258 779 2335 imaginem
803 2259 1017 2337 expresserint,
1049 2258 1121 2318 adeo
1145 2257 1218 2318 nihil
1241 2265 1432 2335 compertum

280 2358 436 2427 habemus,
459 2368 493 2416 ut
515 2357 615 2418 animo
632 2375 679 2417 eas
704 2357 845 2435 effingere
867 2358 945 2417 haud
969 2356 1127 2436 possimus.
1174 2356 1237 2417 Hoc
1257 2365 1357 2416 tamen
1374 2374 1433 2433 pro

282 2464 362 2517 certo
385 2458 564 2528 habendum,
587 2457 610 2516 si
627 2475 689 2516 non
706 2457 805 2518 statim
830 2456 866 2516 ab
890 2457 975 2517 initio
999 2465 1029 2516 at
1050 2466 1130 2518 certe
1145 2455 1222 2516 bello
1238 2455 1338 2516 sociali
1355 2472 1433 2514 con-

280 2555 357 2616 fecto
381 2556 494 2615 cultum
512 2554 710 2633 Capitolinum
735 2555 765 2614 in
788 2555 953 2632 provincias
969 2553 1219 2633 demigrasse²⁹³).
1258 2555 1281 2614 T
1284 2562 1330 2614 ota
1347 2553 1431 2614 enim

281 2653 361 2714 ltalia
385 2653 502 2714 civitate
526 2654 633 2713 donata
659 2671 725 2713 cum
743 2653 836 2715 Roma
859 2672 919 2714 uon
942 2653 1000 2714 iam
1024 2654 1158 2714 omnium
1178 2652 1353 2732 oppidorum
1372 2653 1429 2712 do-

281 2752 360 2813 mina
384 2760 474 2833 atque
497 2753 669 2831 metropolis
692 2753 742 2812 sed
767 2752 846 2813 inter
868 2771 952 2831 pares
977 2753 1064 2813 urbes
1080 2753 1176 2831 prima
1192 2752 1254 2812 fieri
1271 2752 1430 2830 inciperet,

282 2869 350 2911 cum
381 2850 454 2912 urbe
478 2851 571 2912 Roma
600 2850 707 2930 oppida
731 2851 829 2911 ltaliae
855 2860 1004 2912 certamen
1032 2851 1122 2911 inisse
1150 2850 1286 2911 videntur
1309 2851 1363 2920 ita,
1395 2860 1431 2912 ut

348 3056 391 3118 ²⁹¹)
410 3055 490 3105 Errat
514 3055 599 3121 igitur·
619 3056 721 3118 Ceston,
746 3071 801 3104 cum
824 3063 913 3106 censet
932 3055 1057 3121 Capitolia
1082 3055 1133 3104 nisi
1162 3055 1187 3104 iu
1215 3055 1325 3105 coloniis
1350 3053 1429 3106 obvia

283 3154 330 3186 nou
351 3137 416 3187 fieri.

348 3218 393 3282 ²⁹⁸)
413 3218 480 3270 Gall.
499 3219 531 3270 N.
551 3220 606 3270 Att.
624 3219 687 3270 XVI
708 3221 746 3283 13,
760 3221 787 3270 8:
808 3219 868 3282 „sed
888 3219 1024 3282 (coloniae)
1048 3233 1081 3268 ex
1108 3218 1215 3268 civitate
1240 3218 1311 3283 quasi
1335 3232 1427 3282 propa·

280 3308 355 3365 gatae
373 3309 433 3351 suut
451 3308 477 3350 et
495 3302 551 3352 iura
572 3303 742 3366 institutaque
756 3301 839 3350 omnia
852 3301 939 3366 populi
952 3300 1066 3365 Romani,
1086 3316 1134 3349 non
1148 3301 1188 3350 sui
1201 3300 1303 3350 arbitrii
1323 3298 1428 3349 habeut.

281 3382 350 3448 Quae
369 3390 452 3432 tamea
472 3381 588 3432 condicio
608 3398 663 3431 curu
688 3383 723 3432 sit
747 3381 826 3445 magis
846 3381 955 3430 obnoxia
978 3367 1006 3430 et
1023 3382 1105 3430 miuus
1127 3381 1209 3430 libera
1233 3381 1319 3446 potior
1341 3388 1427 3430 tamea

280 3475 306 3516 et
324 3465 508 3530 praestabilior
526 3465 690 3514 existimatur
709 3471 813 3530 propter
831 3463 1023 3528 amplitudinem
1041 3464 1249 3529 maiestatemque
1267 3462 1354 3528 populi
1373 3461 1426 3510 uo-

279 3548 356 3611 mani,
374 3547 446 3596 cuius
465 3546 531 3596 istae
550 3546 667 3596 coloniae
687 3545 759 3611 quasi
777 3544 876 3607 efligies
896 3560 990 3609 parvae
1014 3545 1200 3609 simulacraque
1223 3558 1279 3594 esse
1304 3544 1426 3608 quaedam

279 3629 435 3692 videntur“;
457 3627 489 3678 cl.
509 3627 561 3678 Cic.
581 3630 604 3678 d.
624 3628 672 3689 lag.
693 3643 747 3691 agr.
767 3625 787 3676 ll
807 3627 848 3691 27,
863 3625 906 3676 73:
932 3635 990 3690 „eet
1014 3641 1106 3690 operae
1129 3625 1238 3690 pretium
1263 3624 1425 3688 diligentiam

278 3712 403 3761 maiorum
421 3709 561 3771 recordari,
580 3710 623 3775 qui
642 3709 757 3759 colonias
775 3709 814 3759 sic
833 3708 933 3758 idoneis
952 3708 977 3757 in
996 3707 1062 3757 locis
1081 3714 1170 3757 contra
1190 3706 1361 3772 suspicionem
1380 3721 1426 3771 pe-

279 3791 355 3843 riculi
374 3793 541 3856 collocarunt,
561 3800 588 3842 ut
607 3807 664 3842 esse
685 3806 732 3840 uon
752 3791 842 3856 oppida
860 3789 951 3840 ltaliae
970 3790 1012 3839 sed
1032 3788 1219 3854 propugnacula
1233 3787 1334 3852 imperii
1352 3788 1428 3837 vide-

278 3875 400 3938 rentur“;
420 3889 466 3940 pro
485 3872 558 3923 Fout.
578 3872 774 3938 13:,‚eolouia
795 3873 840 3935 (sc.
860 3871 957 3934 Narbo)
977 3878 1121 3921 nostrorum
1140 3871 1244 3933 civium,
1264 3870 1368 3936 specula
1381 3885 1427 3934 po-

280 3956 332 4020 puli
350 3954 456 4005 Romani
474 3971 503 4005 ac
522 3955 746 4022 propugnaculum,
764 3954 820 4004 illis
840 3953 902 4018 ipsis
917 3953 1064 4003 nationibus
1076 3953 1219 4018 oppositum
1232 3960 1259 4003 et
1271 3951 1426 4002 obiectum“.

346 4037 389 4096 ²⁹⁹)
408 4035 525 4086 Caesaris
544 4044 614 4087 certe
636 4036 793 4102 temporibus
818 4035 874 4098 lege
898 4041 1013 4085 sanctum
1036 4033 1140 4084 videtur
1164 4048 1229 4094 esse,
1256 4039 1284 4082 ut
1307 4031 1426 4082 coloniae

278 4118 335 4169 iure
355 4117 444 4184 templi
462 4118 601 4184 Capitolini
621 4119 767 4184 possidendi
785 4124 933 4178 uterentur3
953 4115 985 4167 cl.
1005 4118 1022 4166 l.
1043 4117 1093 4166 col.
1112 4131 1168 4180 geu.
1189 4115 1246 4167 Urs.
1267 4131 1321 4180 cap.
1336 4111 1426 4163 LXX:

278 4200 442 4264 „duomviri.
458 4237 483 4249 ..
503 4215 593 4250 munus
611 4200 719 4252 ludosve
739 4199 870 4250 scaenicos
890 4197 945 4250 lovi
962 4197 1052 4249 luuoui
1065 4198 1198 4249 Minervae
1212 4197 1267 4247 deis
1281 4195 1427 4260 deabusque

278 4283 437 4350 quatriduum
456 4282 553 4332 maiore
572 4289 644 4348 parte
664 4281 716 4332 diei
730 4319 736 4331 .
750 4317 776 4332 ..
796 4279 942 4344 laciuuto“;
965 4280 999 4330 ib.
1023 4295 1076 4346 cap.
1100 4276 1200 4329 LXXI:
1225 4277 1341 4342 „aediles
1355 4314 1362 4327 .
1375 4314 1381 4327 .
1396 4313 1424 4327 ..

277 4379 367 4415 munus
386 4364 461 4414 ludos
479 4363 611 4414 scaenicos
629 4361 684 4415 lovi
703 4361 792 4413 luuoui
812 4361 945 4415 Minervae
962 4361 1075 4412 triduom
1165 4366 1192 4410 et
1215 4375 1291 4410 uuum
1309 4359 1377 4410 diem
1395 4359 1423 4408 iu

278 4448 349 4498 circo
368 4453 412 4497 aut
430 4447 457 4497 iu
476 4445 533 4496 loro
553 4445 649 4498 Veneri
666 4443 807 4496 laciuuto“.
