3180 5236
762 431 985 494 ,20-

300 609 430 670 Venetiis
460 609 585 688 prodiit,
614 616 643 668 et
672 608 753 670 Giov.
777 609 954 669 Remondini
977 608 1112 688 Capitolii
1147 627 1185 668 ne
1207 607 1297 668 verbo
1326 606 1446 686 quidem

301 708 502 770 meminerint.
540 708 598 769 Sed
622 709 780 770 redeamus
802 709 881 768 unde
903 708 1027 785 digressi
1049 727 1162 769 snmus.
1199 707 1244 766 Ex
1265 707 1380 767 duobus
1396 705 1450 785 qni

300 807 523 886 appellabantur
534 827 558 867 s.
568 807 688 878 Felices,
701 809 845 879 Adonem,
858 808 907 886 qui
925 807 1077 886 utriusque
1093 815 1155 867 acta
1172 809 1295 866 contusa
1310 805 1340 865 in
1357 823 1447 866 unam

299 905 470 966 relationem
501 905 775 984 conglomeravit⁴⁸t
811 906 836 966 si
865 906 1045 982 neglexeris,
1073 925 1096 966 s.
1126 905 1251 966 Felicem
1280 905 1448 965 Romanum

299 1005 396 1066 solum
431 1006 466 1064 ad
502 1025 558 1066 nos
591 1006 742 1084 pertinere
777 1023 946 1082 cognosces.
1010 1005 1099 1065 Cuius
1132 1005 1222 1076 actis,
1255 1023 1322 1064 cnm
1357 1003 1448 1063 Nolae

299 1103 403 1164 vixerit
429 1113 519 1183 atque
553 1114 691 1165 mortuus
714 1104 767 1172 sit,
796 1104 866 1182 quin
891 1103 960 1162 illud
985 1103 1158 1182 Capitolium
1182 1103 1364 1181 significetur
1386 1120 1447 1162 non

300 1203 422 1264 dubium
440 1203 556 1263 videtur
571 1200 691 1276 esse⁴⁹).
709 1235 749 1246 —-
762 1203 924 1280 Antiquom
941 1202 1082 1280 oppidum
1099 1213 1163 1262 erat
1185 1203 1289 1262 eodem
1306 1203 1372 1262 loco
1387 1219 1447 1280 quo

301 1302 374 1362 Nola
408 1323 483 1382 quae
512 1321 593 1363 nunc
622 1311 667 1362 est
696 1302 785 1380 idque
812 1302 842 1360 in
871 1301 1050 1380 planitie⁵⁰).
1096 1302 1196 1380 ltaque
1219 1301 1244 1360 si
1268 1301 1446 1380 Capitolium

301 1401 402 1462 babuit
424 1402 494 1462 illud
518 1402 549 1461 in
574 1402 660 1480 plano
684 1403 747 1460 solo
769 1401 862 1461 luisse
886 1401 1044 1460 verisimile
1067 1408 1123 1460 est.
1168 1399 1240 1459 Cum
1266 1399 1345 1459 Sulla
1367 1417 1446 1459 anno

299 1521 325 1561 a.
347 1501 415 1562 Chr.
439 1519 467 1560 n.
491 1499 530 1560 80
560 1500 714 1559 Samnium
744 1499 906 1570 subiceret,
940 1499 969 1558 in
999 1499 1033 1558 iis
1064 1507 1127 1557 erat
1157 1497 1287 1576 oppidis,
1315 1515 1390 1575 quae
1418 1498 1448 1558 ei

298 1599 462 1660 diutissime
487 1600 674 1677 maximeque
695 1599 878 1659 resisterent.
925 1598 1057 1658 Tandem
1083 1597 1155 1658 urbe
1177 1617 1192 1656 a
1222 1597 1369 1676 praesidio
1392 1598 1446 1656 de-

301 1707 380 1760 serta
404 1708 494 1776 atque
517 1699 609 1758 deleta
634 1697 758 1757 dictator
782 1716 868 1774 agros
884 1695 1027 1756 militibus
1048 1695 1266 1774 adsignavit⁵¹),
1290 1697 1342 1756 sed
1365 1696 1447 1756 colo-

299 1796 377 1856 niam
402 1795 442 1856 ibi
466 1796 655 1856 constituisse
678 1813 737 1855 non
762 1797 885 1862 videtur,
914 1813 980 1855 cum
1005 1795 1105 1854 Cicero
1129 1794 1173 1854 bis
1199 1794 1231 1853 in
1256 1796 1320 1872 lege
1342 1805 1448 1854 contra

299 1895 416 1956 Rullum
452 1895 563 1972 agraria
598 1894 770 1972 praecipuas
800 1893 976 1971 Campaniae
1011 1893 1098 1953 urbes
1129 1912 1309 1953 enumerans
1341 1893 1446 1952 Nolam

298 1993 416 2054 silentio
450 2002 620 2073 praetereat.
678 1993 751 2052 Cum
787 2001 884 2052 autem
926 1991 1031 2070 primis
1071 1993 1285 2070 imperatorum
1319 1992 1448 2052 saeculis

298 2093 400 2153 urbem
425 2110 486 2152 non
518 2092 596 2170 parri
622 2091 749 2150 nominis
772 2091 863 2151 luisse
893 2091 1033 2158 sciamus,
1056 2092 1218 2150 revocanda
1242 2091 1448 2151 videturesse

297 2191 361 2252 eius
390 2190 563 2270 magnitudo
586 2191 621 2250 ad
644 2192 830 2268 Augustum,
864 2191 916 2269 qui
943 2210 978 2249 eo
1006 2190 1165 2259 coloniam,
1199 2209 1288 2268 qnam
1320 2189 1449 2250 subinde

297 2291 493 2370 Vespasianus
526 2290 687 2369 supplerit,
721 2289 843 2350 deduxit
871 2298 901 2348 et
929 2309 996 2349 cum
1025 2299 1106 2349 esset
1133 2289 1225 2367 patria
1254 2308 1307 2349 sua
1330 2289 1449 2350 ornavit

296 2397 387 2469 atque
408 2387 544 2464 auxit⁵²).

792 2563 943 2632 Pompeii.

382 2682 505 2743 vitruvii
521 2681 665 2760 verbis⁵³)
683 2681 787 2742 contisi
803 2681 909 2742 Castan
925 2681 944 2741 l.
962 2701 985 2742 c.
1002 2701 1031 2761 p.
1048 2681 1088 2742 66
1111 2690 1141 2742 et
1157 2681 1208 2760 qui
1222 2681 1304 2741 illum
1322 2689 1446 2742 secutus

297 2791 341 2844 est
356 2782 452 2860 Saglio
469 2781 617 2860 Pompeiis
639 2781 782 2860 templum
801 2781 997 2858 Capitolinum
1020 2781 1113 2840 luisse
1136 2788 1315 2841 statuerunt.
1361 2780 1446 2842 ldem

296 2889 325 2941 et
347 2899 400 2959 ego
424 2899 604 2959 quamquam
628 2879 698 2940 alias
721 2879 759 2939 ob
776 2894 878 2940 causas
894 2889 975 2958 puto.
1008 2881 1049 2939 ‚lc
1064 2880 1193 2958 primum
1216 2879 1303 2940 verba
1321 2879 1445 2940 Vitruvii

361 3009 394 3074 48)
413 3008 445 3059 cs.
463 3008 525 3058 ibid.
545 3024 569 3073 p.
589 3007 639 3056 220
658 3006 674 3072 ξ
693 3005 732 3058 lll.

361 3091 393 3154 ⁴⁹)
417 3092 434 3140 l.
456 3108 479 3140 c.
496 3107 520 3156 p.
540 3089 588 3139 233
617 3087 633 3152 ᾗ
654 3091 681 3140 l:
719 3091 745 3139 B.
766 3089 841 3140 Felix
865 3091 999 3158 presbyter
1022 3128 1049 3140 ..
1071 3098 1130 3140 anta
1153 3091 1295 3156 praesidem
1319 3090 1446 3140 Draccnm

295 3174 429 3237 adductus,
449 3187 504 3222 cum
522 3173 601 3224 multa
620 3174 650 3222 de
663 3173 791 3238 portentis
804 3173 916 3235 deorum,
934 3174 998 3237 quod
1013 3173 1077 3223 nibil
1090 3181 1186 3235 essent,
1204 3175 1356 3238 disputaret,
1374 3189 1446 3223 eum-

295 3270 342 3319 que
355 3253 500 3319 praefeetus
513 3255 644 3305 immolare
658 3254 810 3320 impelleret,
823 3255 969 3320 respondit:
982 3253 1080 3304 lnimiei
1093 3257 1157 3305 estis
1168 3257 1270 3306 deornm
1282 3264 1445 3316 vestrorum

293 3338 323 3386 ad
343 3353 505 3402 quaecunque
524 3338 588 3386 enim
606 3352 646 3386 ma
664 3337 767 3387 deorum
785 3343 932 3388 vestrorum
951 3337 1042 3402 templa
1062 3337 1198 3398 duxeritis,
1217 3339 1265 3388 boc
1278 3340 1317 3389 eis
1330 3338 1444 3400 eveniet,

293 3419 359 3484 quod
378 3421 465 3470 evenit
483 3419 547 3482 illis,
568 3419 686 3484 adquam
705 3433 785 3468 meum
798 3418 904 3468 fratrem
917 3418 1027 3468 Felicem
1046 3435 1092 3468 vos
1106 3419 1210 3470 duxisse
1229 3421 1363 3486 paenituit.
1392 3421 1444 3470 Sed

294 3500 317 3548 si
337 3500 420 3551 vultis
440 3501 548 3566 probare
567 3501 691 3552 virtutem
715 3500 810 3550 domini
834 3501 884 3550 mei
906 3499 962 3550 lesu
981 3501 1092 3564 Christi,
1120 3517 1158 3551 mc
1177 3503 1208 3551 ad
1227 3503 1382 3568 Capitolium
1402 3503 1444 3554 ire

293 3581 392 3648 iubete,
416 3591 445 3633 ut
463 3583 543 3648 ipsum
564 3583 647 3634 lovem
665 3582 806 3648 principem
824 3583 1012 3634 daemoniorum
1032 3589 1178 3633 vestrorum
1197 3599 1274 3634 ruera
1293 3583 1393 3634 faciam.

359 3665 392 3730 ⁶⁰)
410 3665 467 3716 Liv.
489 3665 534 3715 lib.
554 3663 639 3716 XXlll
662 3665 707 3714 45:
736 3664 841 3728 Nolam,
864 3673 1028 3731 campestrem
1054 3665 1152 3730 urbem,
1178 3681 1226 3716 nou
1250 3669 1365 3721 domine,
1391 3681 1443 3716 nan

291 3747 357 3796 mari
376 3753 504 3813 saeptam3
532 3744 564 3798 ef.
583 3746 630 3796 Sil.
649 3744 705 3797 ltal.
724 3745 773 3796 Xll
794 3747 850 3798 162.

360 3829 392 3891 ⁶¹)
412 3830 457 3879 lib.
476 3829 524 3878 eol.
544 3845 566 3893 p.
587 3828 645 3892 236,
664 3829 693 3889 33
721 3829 821 3895 Zumpt.
840 3829 858 3880 l.
877 3845 898 3878 e.
916 3846 940 3895 p.
960 3829 1017 3879 254.

358 3909 392 3974 ⁶⁸)
410 3911 504 3961 Marito
523 3911 602 3974 igitur
621 3912 644 3959 in
664 3927 767 3961 numero
787 3919 826 3961 est
844 3911 1033 3974 duodetriginta
1052 3911 1210 3961 coloniarum
1228 3927 1289 3977 quas
1309 3911 1443 3976 Angustus

292 4007 320 4042 sc
344 3992 425 4058 ipsum
448 3992 473 4041 in
498 3990 573 4042 ltalia
597 3993 732 4045 deduxisse
754 3994 891 4058 profitetur
909 3994 976 4044 Mon.
996 3993 1091 4060 Ancyr.
1112 3993 1181 4044 136.
1219 3995 1324 4044 Colonia
1343 3993 1443 4043 dicitnr

291 4071 310 4124 l.
330 4072 357 4122 n.
376 4073 406 4125 N.
429 4074 504 4124 1985.
525 4074 599 4126 1997.

357 4155 391 4218 ⁶³)
411 4155 456 4208 lib.
469 4155 502 4206 lll
516 4156 543 4208 2:
562 4153 588 4206 ln
607 4157 765 4224 araeostylis
784 4164 867 4207 autem
887 4173 932 4206 nec
952 4157 1060 4222 lapideis
1080 4172 1125 4206 nec
1143 4157 1294 4208 marmoreis
1307 4157 1441 4224 epistyliis

289 4237 329 4287 uti
352 4238 440 4301 datur,
468 4239 512 4288 sed
535 4239 700 4305 imponendae
723 4239 753 4288 de
777 4240 883 4289 materia
905 4241 991 4288 trabes
1010 4245 1148 4304 perpetuae
1167 4246 1194 4289 et
1213 4239 1323 4305 ipsarum
1341 4239 1441 4289 aedium

289 4319 388 4383 specics
418 4327 477 4369 sunt
506 4321 690 4387 baryeapbalae
718 4321 826 4371 humiles
854 4322 923 4372 latae
948 4329 1120 4387 ornanturque
1143 4321 1225 4386 signis
1250 4321 1372 4372 tiotilibus
1395 4330 1443 4374 aut

290 4401 377 4450 aereis
396 4401 521 4452 inauratis
540 4418 627 4452 eorum
646 4401 752 4465 fastigia
770 4402 901 4452 tuscanico
920 4417 999 4465 more,
1018 4403 1058 4452 uti
1079 4403 1169 4453 estad
1188 4402 1288 4453 Circum
1301 4401 1441 4456 Maximum

290 4481 394 4534 Cereris
412 4492 438 4534 ct
455 4483 573 4536 Herculis
586 4485 742 4552 Pompeiani,
760 4486 822 4535 item
835 4484 966 4551 Capitolii.
1002 4485 1045 4535 Sic
1064 4485 1130 4538 enim
1147 4493 1177 4536 nt
1194 4485 1366 4538 intercidatur
1384 4487 1440 4554 ipsa
