3180 5236
605 433 826 495 ..77-

144 631 205 673 una
222 629 289 672 cum
308 630 343 670 eo
360 611 424 671 vivo
440 611 485 670 rel
502 629 536 670 ao
554 617 682 682 mortuo,
698 627 766 694 pum
782 628 798 668 a
815 608 916 668 Carolo
932 608 1057 688 imperio
1072 609 1183 688 privata
1200 617 1288 681 esset,

79 703 81 706 ’
142 710 362 771 monasterium
386 710 538 770 exstruxit.
581 709 661 769 Duae
683 707 772 785 igitur
794 727 851 778 rea,
875 707 1030 768 discidium
1046 707 1187 786 coniugis,
1211 707 1290 787 quod

143 810 336 888 Cbalpaidanr
367 808 551 888 anteposuit,
583 816 612 868 et
639 806 810 867 inimicitiae
837 805 978 884 privigni,
1010 807 1172 886 posteriore
1195 817 1290 867 aetate

142 908 222 969 fama
238 907 356 984 uulgari
373 907 412 967 ita
428 907 647 984 conglutinatae
663 905 803 966 videntur
817 925 891 976 esse,
917 914 948 965 ut
965 923 996 964 ea
1014 913 1134 984 propter
1151 905 1289 984 paelicem

142 1026 158 1066 a
178 1005 284 1084 Pipino
307 1005 427 1066 dimissa
450 1005 486 1065 de
509 1004 625 1083 publico
648 1004 807 1064 recessisse
830 1012 858 1063 et
878 1002 1052 1081 Capitolium
1075 1023 1127 1064 seu
1152 1003 1290 1082 palatium

144 1105 177 1164 iu
202 1105 415 1164 monasterium
442 1103 561 1164 vertisse
584 1103 742 1163 diceretur.
791 1101 901 1162 lniuria
924 1109 1023 1162 autem
1047 1101 1232 1162 Dueutzerus
1256 1121 1290 1162 eo

142 1203 260 1274 nititur,
285 1204 364 1282 quod
386 1201 550 1262 Plectrudis
573 1220 609 1260 er
631 1200 737 1279 palatio
761 1201 869 1260 ducum
887 1199 1056 1259 Austrasiac
1080 1200 1290 1260 monasterium

143 1303 254 1362 iecisse
276 1302 380 1362 fertur.
434 1300 504 1360 Mihi
528 1301 645 1380 quidem
669 1299 716 1359 illa
740 1299 828 1359 verba
851 1298 953 1360 addita⁴
973 1298 1108 1359 videntur
1130 1317 1209 1372 esse,
1233 1319 1292 1380 quo

144 1401 312 1462 accuratius
336 1401 405 1480 quid
429 1399 604 1479 Capitolium
628 1398 805 1476 signiticaret
828 1398 872 1457 vel
900 1398 977 1476 quali
1003 1397 1070 1458 usui
1093 1397 1212 1471 luisset,
1240 1399 1291 1458 de·

143 1499 369 1560 terminaretur.
412 1499 485 1559 Nam
509 1499 533 1559 si
557 1497 611 1558 viri
634 1498 713 1558 ducti
736 1483 856 1556 nostrae
879 1496 983 1556 aetatis
998 1496 1140 1574 Capitolia
1163 1515 1217 1575 pro
1241 1515 1291 1575 pa·

143 1599 226 1659 latiis
250 1599 341 1658 luisse
364 1598 498 1669 credunt,
523 1597 593 1675 quid
617 1596 737 1666 mirum,
761 1595 840 1674 quod
858 1594 946 1656 medii
961 1594 1024 1655 aevi
1039 1595 1197 1674 scriptores
1213 1594 1292 1655 idem

144 1693 360 1758 crediderunt?
408 1695 490 1756 ldem
518 1713 588 1756 cum
625 1703 742 1754 censeat
773 1693 911 1754 omnibus
939 1693 1011 1753 locis
1039 1694 1147 1774 templa
1175 1695 1293 1774 antiqua

145 1795 277 1857 basilicis
301 1813 322 1855 s.
340 1794 419 1856 Petri
443 1794 582 1864 cessisse,
606 1793 780 1872 Capitolium
804 1793 835 1852 in
862 1793 927 1852 loco
950 1791 1065 1863 domus,
1089 1811 1164 1871 quae
1188 1793 1294 1853 dicitur

147 1915 171 1956 s.
191 1894 283 1970 Petri,
313 1893 407 1954 luisse
437 1893 603 1972 suspicatus
634 1901 688 1952 est.
747 1892 783 1951 At
806 1890 1030 1963 effossionibus,
1065 1909 1137 1969 quas
1166 1891 1295 1952 instituit

146 1993 262 2072 Voigtel
286 1990 539 2069 a1·cbitectus²⁹⁴),
563 1991 645 2052 illum
669 1990 773 2051 collem
798 1989 982 2068 undeviginti
1003 1991 1093 2068 pedes
1116 1990 1208 2052 altum
1233 2009 1294 2052 uon

147 2102 254 2154 natura
277 2090 328 2150 sed
352 2097 414 2150 arte
437 2089 547 2150 lactum
572 2109 635 2150 esse
658 2089 787 2149 dilucide
802 2089 947 2168 apparuit.
989 2088 1071 2160 Quae
1087 2108 1153 2150 cum
1170 2091 1210 2152 ita
1226 2091 1294 2162 sint,

149 2189 332 2271 quaestionis
357 2189 517 2249 resonandae
540 2189 635 2249 lucem
660 2188 739 2247 solae
762 2191 839 2247 terre
862 2195 988 2266 possunt
1011 2187 1197 2262 effossiones,
1220 2208 1295 2269 quae

149 2299 292 2368 utquam
317 2288 445 2366 primum
469 2288 542 2347 dant
564 2304 623 2348 nou
647 2305 735 2347 nemo
759 2304 875 2347 mecum
898 2286 1016 2367 optabit.

236 2487 425 2564 Augustae
455 2483 683 2544 Vindelicum
708 2492 903 2544 monumenta
931 2483 982 2562 qui
1006 2483 1295 2562 descripscr·unt²⁹⁶),

150 2585 290 2665 passione
313 2603 336 2644 s.
353 2584 440 2644 Afrae
463 2583 567 2644 confisi
588 2583 628 2643 ibi
646 2601 766 2662 quoque
781 2582 926 2660 templum
944 2582 1019 2642 lovis
1035 2580 1189 2661 Capitolini
1205 2584 1296 2643 luisse

148 2683 342 2746 arbitrantur.
381 2682 438 2741 Sed
462 2699 640 2760 quamquam
665 2682 827 2742 lluinartus
844 2681 878 2740 M.
897 2682 1049 2742 Velserum
1072 2691 1192 2742 secutus
1215 2681 1295 2743 illam

149 2782 251 2843 omnis
280 2779 457 2859 suspicionis
489 2788 638 2858 expertem
668 2797 734 2839 esse
757 2779 899 2850 affirmat,
927 2788 1027 2840 tamen
1050 2797 1100 2849 ea,
1129 2799 1204 2858 quae
1227 2781 1296 2840 solis

149 2901 184 2942 ex
207 2880 280 2942 actis
302 2887 473 2940 sanctorum
498 2878 640 2956 pendent,
663 2877 834 2938 testimonia
854 2877 967 2938 sincera
991 2877 1118 2938 iudicare
1142 2895 1202 2938 uon
1224 2897 1296 2958 pos·

148 2977 328 3049 summm).

275 3211 358 3294 ΙΙΙ.
401 3212 462 3293 Ita
490 3209 664 3310 origine
692 3208 856 3291 triadis
885 3208 1174 3311 Capitolinae.

240 3373 387 3446 Quoniam
417 3372 556 3451 Capitolia
586 3373 617 3432 in
647 3371 718 3432 orbe
747 3372 881 3432 Romano
913 3391 989 3450 quae
1016 3371 1126 3432 fuerint
1155 3380 1298 3451 quantum

151 3474 220 3534 eius
236 3472 301 3532 lieri
316 3474 412 3551 potuit
427 3471 630 3550 exposuimus,
646 3477 879 3532 consentaneum
894 3470 1009 3531 videtur
1024 3490 1100 3543 esse,
1117 3479 1150 3531 ut
1166 3471 1298 3551 quaestio

152 3572 279 3633 addatur
309 3572 346 3630 de
374 3569 487 3648 origine
516 3569 617 3630 triadis
641 3568 834 3648 Capitolinae,
863 3588 951 3648 quam
983 3569 1018 3629 ad
1045 3570 1193 3631 rationem
1215 3569 1300 3648 Capi·

151 3669 295 3732 toliorum
330 3675 421 3730 totam
459 3668 661 3748 explicandam
689 3667 774 3728 nobis
808 3667 1025 3748 suscipiendam
1056 3686 1121 3728 esse
1150 3676 1299 3747 putamus.

154 3769 214 3831 Sed
238 3775 396 3848 antequam
420 3787 484 3829 eam
507 3767 726 3846 ingrediamur,
754 3767 832 3828 iuvat
855 3767 980 3826 fortasse
1004 3785 1064 3826 uno
1088 3766 1172 3845 quasi
1195 3765 1301 3828 obtutu

154 3870 191 3930 ad
221 3887 254 3928 ea
283 3867 429 3946 respicere
458 3886 534 3948 quae
563 3885 651 3946 supra
682 3865 855 3944 exponenda
883 3864 968 3924 nobis
996 3865 1215 3943 proposuimus.
1261 3867 1302 3926 Ac

225 4060 268 4121 ²⁹⁴)
288 4061 352 4109 Aun.
373 4057 464 4108 societ.
483 4057 580 4122 antiqu.
599 4056 676 4107 liber.
696 4056 748 4106 vol.
767 4053 827 4104 Llll.
848 4053 901 4105 blV
920 4069 943 4118 p.
959 4053 1006 4105 199
1020 4067 1072 4118 sqq.

226 4141 271 4202 ¹⁹⁶)
290 4155 311 4189 e.
331 4155 355 4202 g.
374 4139 475 4189 lllorcus
495 4139 628 4198 Velscrus,
656 4137 749 4188 lterum
767 4138 874 4199 August.
899 4135 999 4186 Viudcl.
1018 4134 1081 4184 libri
1102 4133 1155 4186 Vlll
1178 4137 1212 4198 (a.
1229 4137 1303 4202 1682)

157 4221 224 4288 (opp.
247 4237 311 4271 omn.
331 4237 353 4286 p.
376 4220 511 4284 ll'lsqq.l;
531 4219 637 4282 llugelb.
657 4218 826 4279 Warlicbius,
845 4218 971 4267 Chronica
990 4219 1022 4280 (a.
1045 4217 1121 4278 1595)
1139 4233 1162 4282 p.
1176 4217 1216 4267 33.

228 4304 272 4368 Μ)
290 4303 408 4365 Ruinart,
428 4305 491 4352 Acta
509 4303 611 4352 sincera
630 4308 656 4351 ct
674 4302 720 4352 sol.
741 4317 764 4366 p.
783 4302 834 4350 too
852 4299 896 4364 (=
910 4303 938 4348 A.
951 4298 995 4348 SS.
1009 4313 1067 4348 uon.
1081 4299 1146 4362 Aug.
1165 4301 1206 4361 (A.
1224 4315 1302 4350 meus.

158 4387 227 4450 Aug.
244 4385 265 4435 ll
284 4401 307 4451 p.
322 4384 437 4450 btsq.)):
456 4384 603 4446 „Accedam
623 4385 654 4432 ad
672 4383 825 4448 Capitolium
845 4380 970 4432 sacrifice.
1007 4377 1071 4430 Afra
1089 4381 1236 4446 rospondit:
1255 4381 1303 4432 Ca-

160 4468 278 4534 pitolium
296 4482 377 4517 meum
395 4465 513 4515 Christus
533 4471 581 4527 est,
600 4479 671 4529 quem
689 4465 768 4514 babeo
788 4469 847 4513 ante
866 4461 954 4512 ocules
973 4459 1068 4512 meos“.
