3180 5236
754 415 979 478 ..30-

295 589 368 664 (Etr.
385 588 429 650 ll¹
453 609 482 669 p.
501 591 573 665 150)
596 607 696 670 neque
718 590 781 670 ipse
804 591 968 663 Nissenius,
994 591 1065 670 quid
1088 591 1124 651 de
1146 591 1182 651 iis
1202 591 1370 652 faciendum
1390 595 1446 665 sit,

295 708 351 750 uos
372 689 493 750 edocere
516 688 641 768 possint.

380 788 461 848 ldem
484 797 582 849 autem
606 787 733 868 scriptor
755 807 824 850 cum
848 789 929 861 dicit,
953 797 998 850 tot
1020 789 1129 868 templa
1152 788 1227 848 lovis
1250 789 1370 850 lunonis
1385 789 1445 849 lli-

295 904 400 947 nervae
433 889 464 948 in
486 887 651 948 Tuscorum
677 888 792 966 oppidis
816 889 923 960 luisse,
954 889 1031 948 idem
1062 907 1127 948 esse
1154 887 1342 949 censebimus
1365 897 1446 949 tarn-

295 1004 383 1063 quam
401 986 431 1046 in
449 986 588 1047 omnibus
604 987 744 1065 Capitolia
761 986 853 1047 inisse
877 983 976 1048 dicat?
1009 985 1137 1046 Minime.
1174 985 1250 1045 Nihil
1267 987 1346 1046 enim
1362 986 1446 1047 aliud

294 1084 424 1146 affirmat
446 1086 506 1146 nisi
527 1087 623 1148 trihus
646 1086 772 1146 summis
794 1086 857 1146 deis
874 1085 982 1164 templa
998 1084 1149 1145 aedificata
1165 1103 1240 1156 esse,
1262 1102 1354 1144 unum
1372 1085 1446 1154 lovi,

297 1201 389 1244 unum
413 1183 535 1254 lunoni,
566 1203 658 1245 unum
681 1185 836 1246 Minervae.
893 1183 970 1255 Quid
997 1184 1053 1244 hoc
1079 1201 1239 1244 commune
1263 1181 1352 1242 habet
1373 1201 1446 1243 cum

296 1281 448 1360 Capitolio.
473 1283 582 1361 quippe
605 1283 684 1362 quod
710 1303 770 1344 uno
793 1283 906 1360 templo
929 1282 993 1342 illos
1011 1290 1072 1343 tres
1087 1283 1158 1344 deos
1174 1282 1351 1343 coniunctos
1367 1301 1448 1342 cou-

294 1376 440 1440 tiuuerit‘?
477 1381 573 1454 Quare
596 1381 653 1441 hoo
674 1401 793 1460 quoque
809 1380 937 1442 Nissenii
960 1391 1167 1459 argumentum
1183 1386 1281 1442 lacere
1295 1399 1356 1442 non
1373 1401 1448 1460 pos-

296 1497 400 1540 sumus
423 1478 496 1557 quin
518 1479 684 1541 reiciamus.
736 1481 840 1540 Restat
866 1479 987 1541 unicum
1011 1481 1177 1542 sententiae
1200 1479 1342 1541 fulcimen
1365 1489 1448 1541 tem-

295 1578 378 1657 plum
402 1577 475 1636 loris
499 1577 655 1656 Capitolini
678 1578 858 1656 Pompeiani,
882 1579 963 1657 quod
985 1579 1021 1640 ad
1038 1579 1132 1640 Oscos
1154 1578 1354 1638 revocandum
1378 1591 1447 1640 es'se

300 1694 388 1755 quam
411 1694 474 1757 non
497 1676 545 1736 ille
567 1676 744 1755 probaverit,
769 1695 858 1756 supra
881 1677 951 1740 satis
975 1678 1177 1757 exposuimus.

384 1773 470 1834 Nunc
493 1784 643 1837 vertamur
666 1777 701 1836 ad
718 1795 778 1848 eos,
802 1757 853 1854 qui
876 1777 986 1838 cultum
1010 1777 1132 1838 Etrusca
1156 1776 1269 1855 origine
1285 1794 1352 1837 esse
1367 1794 1444 1836 con-

296 1874 428 1935 tendant.
475 1874 563 1936 uttfr.
579 1875 737 1936 Muellerus
745 1875 798 1953 ³⁰²)
815 1886 845 1936 et
861 1875 910 1955 qui
926 1895 994 1937 eum
1011 1883 1130 1937 secutus
1151 1885 1197 1936 est
1212 1873 1446 1950 Gerhardus³⁰⁸)

297 1973 417 2034 adrem
442 1974 676 2034 confirmandam
708 1981 827 2053 praeter
851 1974 944 2034 Servii
967 1975 1066 2035 locum
1090 1993 1183 2053 paeue
1213 1973 1285 2034 nihil
1309 1973 1446 2052 proferre

297 2080 469 2150 potuerunt.
512 2072 587 2133 Tres
609 2071 675 2132 illos
698 2072 770 2133 deos
800 2072 874 2150 aliud
897 2072 1008 2133 Tuscos
1031 2073 1125 2133 cultos
1153 2091 1219 2133 esse
1242 2071 1446 2146 concedo³⁰⁴)‚

297 2171 474 2232 coniunctos
498 2190 557 2232 uno
582 2172 693 2250 templo
718 2162 786 2232 usos
810 2189 877 2231 esse
900 2189 983 2249 nego.
1029 2171 1114 2242 Quod
1137 2171 1169 2232 ni
1190 2171 1230 2231 ita
1252 2178 1339 2241 esset,
1367 2189 1446 2249 quo-

299 2269 387 2330 modo
410 2269 522 2330 factum
547 2289 611 2331 osse
635 2269 804 2350 putabimus
828 2278 922 2330 utne
946 2287 1039 2330 unum
1063 2271 1225 2330 alterumve
1248 2275 1343 2330 exstat
1366 2269 1446 2329 Tus-

298 2387 401 2429 corum
427 2379 657 2430 monumentum
682 2389 741 2448 quo
762 2368 802 2428 illi
824 2378 884 2430 tres
899 2367 1051 2430 coniuncti
1067 2364 1288 2448 depingantur?
1332 2367 1448 2428 Dixerit

298 2466 463 2546 quispiam,
492 2486 526 2527 eo
550 2469 630 2547 quod
653 2467 822 2547 Tarquinii,
846 2486 913 2528 cum
938 2467 1081 2546 templum
1104 2467 1306 2538 aedificarent,
1331 2467 1446 2527 Tuscos

299 2566 424 2625 artifices
447 2566 661 2637 arcessiveriut‚
692 2567 835 2644 templum
861 2565 983 2644 eiusque
1006 2567 1076 2626 deos
1100 2585 1182 2626 more
1205 2566 1369 2626 Tuscanico
1394 2583 1446 2624 or·

298 2664 444 2736 noverint,
474 2663 586 2724 cultum
616 2664 703 2725 etiam
733 2663 770 2724 ab
799 2663 916 2724 Etruria
939 2673 1139 2724 transvectum
1171 2681 1237 2725 esse
1265 2664 1336 2724 satis
1359 2675 1446 2743 pate-

298 2764 371 2824 fieri.
416 2763 501 2835 Quod
531 2782 591 2824 nou
622 2763 720 2824 minus
751 2772 796 2824 est
827 2765 933 2824 salsum
962 2781 1049 2842 quam
1077 2765 1101 2822 si
1125 2764 1191 2842 quis
1220 2783 1256 2824 ex
1284 2783 1330 2833 eo,
1364 2765 1445 2842 quod

300 2863 426 2925 Romani
450 2865 672 2942 magistratuum
694 2863 821 2941 iusignia
845 2863 882 2922 ab
908 2862 1040 2923 Etruscis
1062 2862 1243 2941 acceperint,
1274 2863 1355 2942 ipsos
1380 2881 1447 2923 ma-

298 2965 440 3040 gistratus
471 2981 554 3022 more
578 2963 770 3022 Etruscorum
803 2961 913 3022 Romae
936 2961 1089 3022 institutos
1113 2981 1178 3022 esse
1201 2962 1336 3040 colligere
1365 2963 1442 3022 velit.

300 3062 364 3122 Hoc
385 3061 475 3139 igitur
497 3062 675 3134 tenendum,
706 3080 743 3122 no
774 3079 866 3122 unum
899 3061 1018 3139 quidem
1042 3079 1107 3121 esse
1135 3070 1355 3139 argumentum,
1384 3079 1440 3140 quo

299 3161 412 3222 cultum
435 3160 628 3221 Etruscorum
653 3177 718 3219 esse
741 3159 858 3220 efficere
881 3175 1030 3235 cogamur.

385 3259 495 3330 Restat,
519 3266 553 3318 ut
576 3278 608 3318 ea
633 3276 709 3337 quae
738 3255 964 3334 Ambrosclr³⁰⁵)
993 3265 1022 3316 et
1049 3255 1315 3335 schwegrerus⁸⁰n
1347 3258 1445 3317 cultus

300 3359 336 3418 de
359 3359 473 3434 origine
501 3357 606 3418 Sabina
638 3357 825 3436 protulerunt
852 3373 1054 3436 percenseam.
1100 3359 1141 3416 Ac
1170 3357 1296 3417 maxime
1323 3356 1443 3434 quidem

299 3456 435 3517 nituntur
457 3454 554 3515 verbis
578 3455 718 3516 Varronis
742 3455 768 3514 d.
793 3455 862 3533 ling.
878 3455 928 3514 lat.
952 3455 975 3514 V
999 3453 1074 3515 158:
1098 3454 1217 3516 clivos
1240 3473 1445 3534 proxumus

299 3554 446 3615 a'Elora
469 3572 580 3614 susus
611 3572 740 3615 versus
771 3553 996 3633 Capitolium
1028 3561 1154 3624 vetus,
1181 3553 1357 3634 quodibi
1385 3572 1446 3614 sa-

300 3653 435 3714 cellum
457 3653 554 3714 lovis
577 3654 732 3714 lunonis
755 3651 957 3726 Minervae,
987 3663 1021 3714 et
1047 3654 1084 3713 id
1113 3653 1306 3732 antiquius
1335 3670 1444 3731 quam

367 3809 412 3874 ⁸⁰²)
430 3808 486 3859 Etr.
506 3805 542 3858 11¹
560 3824 584 3874 p.
604 3808 646 3858 43.
666 3808 707 3859 44.
726 3808 769 3858 47.

367 3891 411 3955 ⁸⁰⁸)
430 3891 476 3942 llio
495 3887 645 3942 Gotthciteu
664 3891 711 3942 dor
730 3890 858 3942 Etruslrer
876 3889 962 3940 Berol.
983 3889 1047 3939 1847
1066 3889 1118 3955 p.5
1137 3891 1194 3939 adu.
1215 3889 1255 3938 25.
1275 3889 1315 3940 38.

368 3975 413 4037 ³⁰⁴)
431 3972 566 4024 Minervae
586 3989 675 4024 nomen
693 3974 773 4037 magis
792 3975 903 4038 linguam
922 3971 1038 4021 Latinam
1057 3985 1129 4036 quam
1147 3971 1283 4022 Etruscam
1301 3985 1392 4034 sopore
1406 3969 1446 4020 vi·

300 4059 382 4118 detur,
409 4053 440 4106 ci.
460 4054 558 4106 liceclro
577 4055 603 4104 in
622 4055 744 4106 Muelleri
767 4055 823 4106 Etr.
842 4053 883 4105 11²
909 4069 932 4118 p.
951 4053 983 4102 tt
1011 4054 1067 4103 adn.
1087 4060 1114 4104 ot
1137 4053 1251 4104 Curtium
1274 4051 1359 4118 Etym.
1385 4050 1446 4101 Gr.⁴

301 4155 323 4205 p.
343 4137 406 4197 313;
427 4133 553 4186 Gerhard.
572 4136 589 4186 l.
610 4154 631 4186 c.
651 4152 674 4201 p.
688 4136 711 4188 9.
747 4135 833 4202 ltaque
852 4135 950 4186 Tuscos
969 4134 1040 4186 illam
1058 4135 1088 4186 ab
1101 4134 1203 4186 Umbris
1216 4135 1382 4186 transtulisse
1396 4148 1445 4182 uon

299 4221 338 4271 its
356 4220 412 4272 veri
430 4217 556 4270 dissimile
576 4219 686 4270 videtur.
1427 4213 1436 4226 “

368 4302 414 4366 ⁸⁰⁶)
432 4301 539 4352 Studien
557 4303 607 4350 und
625 4301 809 4365 Andoutungen
832 4302 867 4352 im
886 4299 980 4352 Gebict
1002 4300 1046 4350 dos
1070 4299 1251 4350 oltriimisclreu
1279 4298 1375 4349 Bodcns
1393 4299 1445 4348 uud

301 4381 396 4434 liultus
414 4383 447 4449 (a.
468 4384 544 4446 1839)
562 4399 586 4449 p.
608 4384 756 4446 roo-1953
779 4383 827 4436 196
839 4399 891 4448 sqq.

369 4467 414 4531 ⁸⁰⁸)
432 4467 499 4517 llist.
518 4465 588 4517 Rom.
607 4465 633 4516 1²
652 4467 710 4517 eto.
728 4466 787 4517 480.
806 4465 949 4517 ooo-699.
