3180 5236
625 393 846 458 ..57-

162 574 245 636 idem
262 573 394 652 luppiter
409 571 532 651 (Victori
550 571 731 650 Capitolinus
747 573 831 632 sedet
852 572 881 634 in
898 573 1008 652 templo
1024 572 1176 651 tetrastylo
1194 569 1304 632 babens

163 672 267 732 dextra
292 690 380 732 manu
405 669 588 730 Victoriolam
612 670 731 732 sinistra
756 671 940 744 bastam⁹¹⁰t

250 770 369 832 Accedit
392 769 497 830 tertius
520 785 662 828 nummus
686 787 730 847 ap.
754 767 864 830 llionct
886 769 925 830 lll
948 788 977 848 p.
994 767 1056 830 314
1079 788 1107 830 n.
1126 769 1183 830 61:

371 865 785 932 ΖΘΥῦικλΠΙΤοΛΙοξ
815 866 1093 928 ΑΝΤΙΟΧΘΩΝ.

162 968 298 1048 luppiter
319 973 377 1028 stat
394 967 499 1042 ‚dextra
524 973 654 1044 pateram
678 965 797 1026 sinistra
821 965 935 1026 hastam
959 967 1068 1026 terens.

528 1143 531 1148 ‘
606 1142 686 1196 Teos
709 1134 852 1214 (Lydiae).

249 1262 279 1322 C.
297 1262 318 1321 l.
334 1256 384 1320 G'r.
401 1259 500 1320 3074:
525 1257 609 1332 Διὸς
629 1263 772 1340 Κτησλοο
792 1257 796 1342 l
818 1257 900 1332 Διὸς
927 1257 1143 1324 Καπετωλίου
1163 1259 1167 1345 l
1184 1257 1306 1342 Ῥώμης

164 1351 321 1444 {drudoni
344 1357 575 1440 eatponncffl).

580 1535 717 1606 Smyrna
740 1527 881 1608 (Lydiae).

250 1655 279 1717 C.
294 1655 317 1716 l.
333 1655 383 1716 Gr.
400 1654 498 1716 3153:
535 1651 712 1730 Kinnldloe
744 1649 974 1737 Μενεκράτους
992 1652 997 1735 l
1023 1699 1054 1716 ..
1072 1699 1104 1716 ..
1127 1652 1306 1733 Κλ]αύδιος

166 1750 388 1834 Τιμοκλ1ε1οος
406 1751 410 1833 l
433 1773 592 1826 ...αιος,
619 1748 723 1834 ἱερεύς
747 1751 830 1825 Διὸς
857 1751 1094 1831 [funsstellae]
1112 1799 1119 1814 .
1136 1799 1144 1816 .
1162 1801 1169 1816 .

571 1929 734 1986 Antiochia
759 1921 896 2002 (Syriae).

248 2049 410 2110 Antiochus
428 2049 604 2128 Epiphanes,
628 2057 748 2110 octavus
766 2049 997 2121 Seleucidarum
1021 2050 1073 2129 qui
1088 2050 1158 2112 inde
1174 2050 1209 2112 ab
1226 2068 1306 2112 anno

160 2167 191 2210 u.
214 2168 238 2210 c.
256 2148 318 2208 579
343 2165 438 2226 usque
461 2148 494 2207 ad
520 2166 545 2208 a.
567 2145 629 2208 590
651 2147 792 2224 regnavit,
820 2157 977 2227 postquam
1008 2149 1058 2210 diu
1087 2149 1196 2212 Romae
1219 2149 1305 2210 obses

159 2249 219 2311 fuit
247 2247 441 2327 moribusque
469 2247 610 2308 Romanis
640 2246 796 2308 institutus
819 2255 878 2317 est,
908 2255 942 2306 ut
965 2246 1043 2307 orbis
1067 2247 1198 2309 dominis
1215 2249 1306 2310 'blan-

160 2347 292 2424 diretnr,
320 2348 464 2426 templum
492 2345 568 2406 lovis
592 2345 748 2424 Capitolini
772 2345 1043 2425 splendidissimum
1066 2347 1237 2410 Antiochiae
1262 2349 1307 2410 le-

161 2446 277 2516 cit⁹¹⁸t
322 2446 406 2518 erod
434 2463 502 2505 cum
530 2444 659 2524 posteris
692 2444 877 2524 temporibus
908 2445 1032 2523 periret,
1061 2445 1207 2524 Tiberius,
1237 2467 1304 2508 cum

159 2615 259 2667 Notata
278 2615 377 2676 dignum
398 2614 506 2673 videtur,
525 2614 591 2678 qnod
609 2613 655 2662 illa
674 2628 724 2663 vox
744 2607 829 2675 „stc
845 2609 1050 2668 Konetntasds“
1068 2622 1171 2680 praeter
1189 2617 1255 2666 hunc
1268 2618 1306 2667 lo-

160 2714 217 2748 cum
240 2711 360 2760 nusquam
384 2693 450 2759 quod
473 2695 551 2742 sciam
575 2695 702 2756 occurrit3
726 2693 807 2744 forma
827 2696 893 2744 enim
911 2696 1036 2748 adiectivi
1059 2696 1192 2748 invenitur
1211 2703 1306 2750 Καπι-

158 2777 262 2838 τώλιος,
278 2771 460 2840 Καπετώλιος,
472 2777 672 2840 Καπετωλῖνος,
685 2777 896 2837 Καπιτωλεῐνος,
914 2775 958 2826 sed
972 2793 1091 2841 nusquam
1109 2775 1305 2836 Καπιτωλιεύς.

229 2859 273 2925 ²¹⁸)
294 2858 397 2908 Eclxbel.
411 2857 491 2907 Catal.
510 2859 574 2908 Mus.
587 2857 693 2908 Vindob.
714 2857 722 2906 l
741 2874 763 2923 p.
780 2858 836 2919 117,
855 2858 883 2907 D.
896 2856 926 2907 N.
945 2856 966 2906 ll
984 2875 1006 2923 p.
1022 2859 1086 2920 5743
1108 2859 1213 2910 Mionet.
1233 2859 1263 2911 ill
1281 2879 1304 2928 p.

159 2943 209 2992 317
230 2958 254 2990 n.
269 2940 309 2990 82.
344 2939 381 2990 lle
398 2937 458 2990 love
478 2939 584 2990 Victore
602 2940 660 2990 vide
678 2955 754 3005 supra
773 2955 792 2990 s.
812 2955 836 2990 v.
855 2939 935 2990 Cirta.

230 3021 275 3086 ¹¹⁷)
296 3021 429 3084 „Litterae
449 3023 513 3072 satis
531 3023 629 3088 quidem
647 3023 724 3072 rudes
742 3030 815 3082 sunt3
835 3023 878 3072 sed
898 3022 977 3072 nihilo
996 3023 1077 3074 minus
1089 3023 1183 3074 titulus
1196 3024 1305 3090 impera-

159 3114 244 3156 torum
263 3110 347 3154 aetate
366 3105 439 3170 prior
457 3103 569 3166 videtur,
592 3110 618 3152 et
637 3102 748 3154 fortasse
766 3105 816 3153 iam
839 3112 891 3154 tum
910 3102 1001 3164 factus,
1026 3120 1099 3169 quum
1124 3105 1305 3168 Pergamenum

163 3202 265 3250 regnum
283 3185 309 3234 in
329 3183 496 3234 Romanorum
515 3192 667 3250 potestatem
685 3186 813 3235 veniret“.
851 3183 984 3233 Fraozios.

230 3267 271 3328 ²¹⁸)
292 3265 349 3316 biv.
368 3265 428 3316 XLI
446 3266 490 3315 25:
514 3266 564 3330 „Ilt
583 3267 735 3317 Antiochiae
753 3265 823 3316 lovis
848 3265 986 3332 Capitolini
1009 3266 1167 3329 magnificum
1184 3269 1304 3334 templum

161 3365 210 3399 non
229 3348 372 3413 laqueatum
395 3363 459 3398 auro
485 3355 583 3398 tantum
601 3350 644 3398 sed
668 3349 809 3414 parietibus
834 3349 899 3398 totis
922 3348 1013 3397 lamina
1036 3347 1179 3398 inauratum
1206 3357 1233 3400 et
1254 3351 1304 3401 alia

159 3431 240 3480 multa
259 3430 283 3477 io
303 3429 363 3478 aliis
382 3429 446 3478 locis
466 3429 605 3494 pollicitus,
624 3431 682 3494 quin
695 3430 821 3495 perbreve
833 3437 931 3494 tempus
944 3429 1016 3490 regni
1030 3427 1086 3491 luit,
1106 3445 1154 3478 non
1171 3430 1305 3495 perfecit“.

161 3510 228 3561 ldem
247 3507 329 3560 refert
352 3509 462 3559 Granius
486 3509 634 3560 Licinianus
657 3528 681 3576 p.
694 3511 727 3560 46
752 3511 798 3574 ted.
814 3510 919 3568 Pectat:
949 3510 1084 3574 „extendit
1108 3511 1170 3560 duos
1189 3513 1304 3562 colossos

159 3594 301 3642 duodenum
320 3591 462 3641 cubitorum
480 3606 512 3640 ex
530 3606 599 3654 aare,
617 3607 692 3641 unum
706 3591 823 3658 Olympio
842 3592 951 3640 alterum
964 3591 1110 3656 Capitolino
1124 3590 1202 3642 lovi“.
1238 3591 1304 3644 Idem

158 3675 295 3742 Polybium
313 3676 415 3724 tradere
434 3675 639 3740 exspectaverim
662 3681 689 3724 at
713 3675 758 3724 ille
782 3672 923 3738 fragmento
946 3674 1008 3723 libri
1033 3672 1121 3725 XXVI
1142 3675 1182 3738 10,
1205 3675 1234 3726 11
1254 3673 1304 3739 (ed.

157 3755 284 3817 Diodori.)
304 3757 334 3804 de
353 3757 431 3806 nimia
449 3756 522 3806 illius
540 3757 567 3806 in
586 3756 661 3807 rebus
680 3755 763 3806 sacris
781 3756 921 3818 largitione
939 3756 987 3804 boc
1006 3762 1102 3804 tantum
1121 3754 1239 3805 exhibet:
1260 3753 1305 3818 „dv

158 3836 188 3888 δὲ
206 3839 266 3892 ταῖς
284 3833 355 3907 πρὸς
373 3832 420 3892 τὰς
439 3832 532 3893 πόλεις
548 3840 659 3892 θυσίαις
681 3839 727 3887 καὶ
744 3841 803 3892 ταῖς
822 3834 894 3904 πρὸς
911 3830 974 3892 τοὺς
991 3831 1072 3890 θεοὺς
1090 3839 1182 3901 τιμαῖς
1200 3829 1306 3892 πάντας

157 3915 308 3989 ὑπερέβαλε
324 3913 385 3974 τοὺς
402 3915 648 3984 βεβασιλευκότας“.
683 3919 766 3968 Etiam
784 3918 838 3970 lovi
857 3917 958 3968 Victori
983 3917 1030 3968 ille
1055 3933 1103 3967 rex
1121 3918 1241 3982 templum
1260 3933 1305 3967 ex-

159 3999 287 4050 struxisse
307 4000 418 4064 vidctur,
445 4016 500 4050 cum
519 4001 545 4050 in
564 4003 671 4052 nummis
690 4001 744 4052 eius
767 4000 857 4050 obvius
876 4001 929 4062 liat,
954 4015 976 4050 e.
995 4017 1018 4066 g.
1043 4016 1081 4065 ap.
1103 3999 1207 4050 Eclhcl.
1226 4000 1254 4050 D.
1275 3998 1304 4050 N.
1386 3991 1396 4010 ⁸

158 4087 190 4138 lll
209 4088 271 4137 224:
289 4082 471 4146 ΒΑξΙΛΕΩξ
483 4115 490 4130 ·
503 4082 702 4144 ΑΝΤΙΟΧΟΥ
714 4115 721 4130 ·
734 4081 840 4144 ΘΕΟΥ
853 4116 859 4130 ·
874 4081 1103 4144 ΕΠΙΦΑΝΟΥξ.
1141 4086 1254 4154 luppiter
1265 4103 1305 4137 sa-

158 4182 277 4232 minudus
305 4182 395 4232 sedeas
423 4183 512 4231 dextra
546 4179 598 4231 lert
626 4182 777 4244 Victoriam,
806 4181 912 4232 sinistra
940 4182 1045 4232 hastam.
1095 4182 1208 4232 Discidio
1235 4183 1305 4232 inter

159 4263 333 4313 Alexandrum
351 4263 521 4312 Zabbinaeum
538 4270 564 4312 et
583 4264 734 4313 Antiochum
753 4264 866 4330 Grypum
885 4264 940 4329 (qui
958 4264 1075 4326 regnavit
1093 4263 1150 4313 inde
1169 4263 1199 4312 ab
1218 4263 1303 4314 a.125

159 4360 182 4394 a.
197 4343 265 4405 Chr.)
286 4351 344 4394 orte
357 4345 429 4396 illinb
441 4343 510 4394 lovis
523 4344 638 4394 Victoris
650 4345 751 4409 signum
763 4345 794 4395 nb
813 4346 858 4395 illo
872 4346 983 4395 ablatum
1002 4353 1050 4408 est,
1068 4345 1091 4395 si
1109 4345 1220 4407 Trogum
1233 4344 1303 4394 Pom-

160 4426 242 4490 poium
262 4425 376 4476 audimus
395 4425 436 4488 39,
457 4428 482 4477 1:
502 4424 548 4489 „fit
565 4426 655 4476 deinde
673 4425 741 4476 inter
754 4441 827 4490 reges
840 4426 974 4492 proelium,
993 4425 1041 4492 qno
1059 4427 1143 4477 victos
1155 4425 1302 4479 Alexander
