3180 5236
619 414 819 475 -9..

146 613 228 656 mam
251 592 529 674 repraesentarem,
553 595 663 654 lactum
687 591 821 653 videmus
844 599 877 653 nt
899 590 941 652 rei
965 589 1177 652 ecclesiasticae
1200 590 1293 670 scrip·

147 702 232 755 tores
255 693 362 754 iterum
385 692 553 772 iterumque
570 690 745 771 Capitolium
768 696 1037 752 commemorantes
1060 689 1209 770 religionis
1233 691 1294 752 llo·

146 794 299 855 Romanae
342 811 491 854 summam
535 791 774 870 intelligerent⁸).
840 791 951 864 Quodsi
990 790 1120 870 luppiter
1163 791 1294 868 optimus

148 891 293 952 unanimus
317 890 498 968 guberuator
520 890 562 951 rei
586 889 718 970 publicae
734 890 881 952 Romanae
905 897 934 951 et
956 889 1048 950 totius
1071 888 1219 966 religionis
1242 907 1293 967 pa-

147 997 254 1056 tronus
287 997 375 1069 atque
408 989 549 1048 defensor
579 988 738 1068 putabatur
769 1008 829 1049 non
864 996 908 1050 est
942 1008 993 1050 aur
1022 988 1179 1058 miremur,
1214 987 1293 1066 quod

148 1088 334 1150 Christianos
359 1095 392 1148 ut
415 1087 456 1147 illi
481 1087 679 1148 sacrificarent
702 1107 867 1166 novamque
890 1087 977 1148 tidem
1002 1087 1179 1165 denegarent
1193 1086 1224 1146 in
1241 1085 1294 1146 Ca-

146 1187 251 1248 tolium
276 1187 380 1248 abduci
404 1187 506 1246 solitos
528 1205 592 1246 esse
620 1186 753 1265 legimus.
794 1185 909 1259 'Quibus
938 1185 1016 1248 euim
1046 1187 1075 1246 in
1103 1185 1219 1264 oppidis
1241 1183 1296 1245 Ca-

147 1287 284 1367 pitolium
303 1295 380 1348 esset
400 1294 433 1346 ut
455 1286 610 1346 Christiani
633 1287 664 1346 in
682 1286 752 1346 illud
776 1287 921 1365 templum
945 1286 1108 1364 denegandi
1130 1304 1216 1346 causa
1240 1284 1297 1344 du·

148 1393 287 1448 narentur
308 1385 350 1446 rei
375 1394 479 1446 natura
503 1384 679 1464 postulabat.
724 1385 819 1457 Quam
844 1384 882 1444 ob
905 1403 967 1462 rem
993 1393 1025 1444 ut
1047 1384 1083 1445 iis
1099 1383 1297 1444 assentiamur

147 1485 198 1566 qui
226 1503 257 1546 ea
289 1504 362 1564 quac
393 1485 430 1543 de
453 1483 688 1545 Christianorum
718 1483 945 1544 deductionibus
975 1483 1005 1542 iu
1036 1481 1209 1561 Capitolium
1235 1490 1295 1542 tra·

149 1585 262 1645 duntur
296 1583 401 1644 ficticia
436 1583 562 1644 babeant
595 1602 610 1643 a
644 1581 731 1643 nobis
766 1583 926 1661 impetrare
956 1599 1016 1642 uon
1044 1599 1214 1660 possumus.
1263 1581 1296 1640 lu

151 1683 248 1744 hlrica
272 1682 349 1744 enim
376 1683 426 1761 qui
449 1683 506 1742 hdc
530 1682 694 1743 Christiana
718 1681 895 1742 defecissent
919 1699 933 1740 a
958 1680 1129 1740 Novatiauis
1153 1687 1182 1740 et
1197 1680 1297 1740 lloua-

149 1781 226 1843 tistis
250 1781 431 1860 Capitolinos
455 1789 573 1842 vocatos
598 1799 663 1841 esse
688 1780 829 1841 Paciauus
858 1779 946 1858 aph
975 1798 1030 1840 nos
1054 1779 1165 1840 edocet.
1212 1778 1297 1858 Epis·

149 1897 289 1959 coporum
316 1879 473 1958 Hispaniae
513 1880 669 1940 concilium
694 1896 773 1938 anno
797 1897 824 1957 p.
849 1878 916 1942 Chr.
941 1876 1003 1938 305
1035 1876 1141 1938 illibati
1164 1877 1295 1938 habitum

149 1979 249 2040 sanxit
270 1998 306 2039 oc
340 1983 402 2058 pois
426 1977 606 2040 Chrestianus
631 1977 670 2038 od
702 1978 812 2038 idolum
835 1976 969 2054 Capitolii
998 1996 1084 2038 conso
1116 1976 1300 2056 sacrificandi
1384 2015 1387 2023 -

150 2077 282 2139 ascendat
309 2087 336 2137 ct
356 2078 463 2150 videon
493 2077 567 2157 qnod
588 2080 614 2136 si
633 2078 734 2156 fecerit
752 2079 822 2155 pari
843 2078 959 2136 ommino
981 2085 1129 2148 tercentum·
1163 2077 1298 2155 affuerit

149 2176 241 2256 fidelis
260 2187 324 2255 post
343 2176 439 2236 decem
462 2192 553 2236 conos
574 2185 638 2236 acto
657 2179 831 2254 poenitentia
851 2173 1053 2254 renpiotarlt.
1095 2225 1097 2230 .

220 2421 240 2482 l)
260 2421 319 2471 Cum
340 2421 403 2470 euim
422 2419 516 2470 Rornae
535 2420 560 2470 io
579 2435 639 2470 area
659 2417 781 2485 Capitolii
801 2420 903 2470 deorum
929 2420 1036 2470 maxima
1063 2435 1122 2486 pars
1145 2419 1298 2486 deincepsa

151 2501 212 2553 love
232 2502 377 2568 Capitolino
402 2501 514 2568 hospitio
535 2509 637 2568 recepta
655 2508 731 2566 atque
751 2501 923 2552 aedicularum
948 2502 1016 2551 cirea
1040 2502 1160 2568 templum
1180 2516 1298 2551 uumerus

151 2590 242 2635 auctus
261 2593 331 2636 esset
350 2586 393 2647 lto,
412 2591 440 2634 ut
459 2584 505 2633 ille
523 2585 604 2634 totius
624 2585 710 2648 gregis
730 2585 833 2635 deorum
853 2582 974 2635 defensor
997 2591 1122 2650 tamquam
1146 2591 1221 2649 atqua
1241 2599 1299 2650 pro·

150 2673 278 2731 pugnator
296 2667 431 2729 existeret,
450 2682 498 2714 nou
518 2665 609 2716 mirum
629 2666 732 2716 videtur
751 2667 814 2732 quod
833 2667 888 2732 ipse
907 2673 985 2716 totam
1000 2666 1151 2729 religionem
1166 2673 1298 2730 praestare

152 2747 292 2797 dicebatur.
329 2749 446 2798 Ceterum
466 2748 541 2798 etiam
560 2748 586 2798 io
605 2748 716 2798 coloniis
740 2757 766 2798 et
788 2748 934 2813 municipiis
957 2748 1018 2798 aliis
1043 2748 1093 2798 diis
1120 2764 1197 2815 propa
1222 2747 1297 2814 Capi·

153 2827 216 2878 tolia
235 2827 363 2877 aediculas
383 2825 463 2878 factas
483 2843 538 2877 essa
557 2827 624 2878 iufra
645 2831 710 2880 satis
729 2830 833 2880 docebo.

219 2910 238 2972 θ)
259 2909 324 2960 Ecce
334 2911 492 2960 testimonia:
503 2911 621 2978 Cyprios.
634 2913 708 2978 epist.
719 2911 997 2979 LVllll(ed.llartel.p.
1008 2909 1066 2976 688,
1075 2913 1097 2975 1)
1111 2913 1170 2978 quid
1182 2918 1300 2978 superest

150 3007 221 3059 qoam
236 2999 265 3042 ut
284 2993 392 3043 ecelesia
408 2993 535 3057 Capitolio
552 2994 626 3043 cedat
641 3003 667 3044 et
681 2995 858 3044 recedentibus
873 2993 1048 3046 sacerdotibus
1062 3010 1092 3044 ac
1106 2995 1200 3044 domini
1214 2993 1298 3044 altare

151 3075 349 3126 removentibus.
365 3103 398 3111 —
416 3074 533 3124 Lactaot.
553 3075 634 3125 instit.
650 3075 701 3126 div.
716 3076 760 3126 lib.
783 3075 793 3125 l
819 3077 903 3141 ll‚4l:
924 3076 1007 3126 sciant
1025 3092 1085 3139 ergo
1104 3075 1209 3126 Romani
1223 3073 1298 3141 Capi-

151 3155 241 3206 tolium
261 3173 341 3219 suum,
360 3156 385 3204 id
406 3162 446 3206 est
464 3171 584 3205 summum
604 3164 680 3222 caput
700 3157 849 3220 religionum
868 3157 1040 3223 publicarum,
1062 3157 1125 3206 nibil
1145 3173 1201 3206 esse
1226 3155 1295 3206 aliud

152 3253 223 3302 quam
242 3238 317 3287 ioauo
335 3237 514 3288 monimentum
533 3236 564 3287 cf.
584 3237 645 3286 ibid.
666 3238 683 3286 l.
702 3235 734 3287 lll
756 3237 843 3300 tnta:
863 3239 1015 3304 Capitolium
1035 3239 1099 3303 quod
1120 3245 1159 3288 est
1171 3237 1297 3288 Romanae

152 3319 222 3368 urbis
242 3325 268 3368 et
287 3318 422 3380 roligionis
441 3325 517 3384 capot
537 3334 665 3368 summum.
685 3347 718 3357 -
745 3319 862 3370 l'rudeut.
886 3321 933 3382 (ed.
955 3319 1077 3385 llressel.)
1100 3321 1183 3386 apotb.
1204 3337 1228 3370 v.
1246 3321 1297 3370 444

151 3402 204 3468 ipsa
225 3400 280 3450 suis
299 3400 424 3450 Christum
445 3399 570 3465 Capitolia
590 3400 695 3450 llomula
708 3408 830 3464 moereat,
850 3401 1006 3467 principibus
1025 3403 1111 3453 lucere
1125 3403 1210 3465 deum;
1229 3399 1261 3452 cl.
1275 3418 1296 3452 c.

152 3483 325 3551 Symmachum
339 3481 348 3531 l
362 3482 411 3530 625
426 3489 452 3531 et
465 3497 626 3547 quascunque
636 3483 721 3532 soleat
734 3481 858 3548 Capitolia
873 3484 993 3533 claudere
1007 3483 1102 3533 larvas.
1116 3511 1148 3520 —
1162 3483 1295 3548 Angustia.

154 3567 184 3614 da
203 3565 252 3614 civ.
273 3564 314 3613 dei
333 3563 351 3612 l.
371 3562 391 3612 ll
412 3563 442 3615 12
461 3564 530 3613 itane
551 3564 632 3628 pluris
651 3565 699 3614 tibi
717 3565 830 3614 habenda
850 3571 889 3614 est
909 3566 1068 3616 existimatio
1088 3567 1175 3616 euriae
1195 3573 1298 3616 vestrae

150 3662 221 3715 quam
241 3645 372 3710 Capitolii,
390 3646 464 3694 immo
486 3645 578 3695 homae
597 3647 671 3696 uoius
690 3663 762 3712 quam
782 3647 848 3697 caeli
867 3645 967 3698 totius?
986 3675 1017 3684 -
1042 3646 1102 3697 lsid.
1123 3649 1191 3713 llisp.
1212 3647 1296 3714 Etym.

151 3731 194 3780 lib.
213 3728 263 3779 XV
281 3745 302 3776 e.
323 3728 337 3776 2
357 3728 511 3792 Capitolium
530 3727 666 3778 llomaaum
686 3736 803 3779 vocatum
822 3745 852 3779 eo
871 3731 935 3796 qood
955 3729 1034 3780 luerit
1047 3727 1173 3780 Romanae
1186 3729 1257 3779 urbis
1271 3737 1298 3778 et

151 3810 285 3873 religionis
305 3817 380 3874 caput
397 3825 526 3860 summum.
547 3837 579 3846 -
598 3810 676 3860 Zeno.
695 3818 770 3862 tract.
789 3810 850 3862 XlV
869 3812 900 3862 de
918 3812 1003 3876 spirit.
1017 3811 1092 3862 aedil.
1107 3813 1172 3862 dom.
1186 3812 1228 3862 dci
1245 3815 1295 3877 (ap.

152 3891 272 3954 hlignium
292 3891 385 3956 patrol.
404 3891 448 3940 lat.
469 3892 520 3942 vol.
539 3890 577 3942 Xl
595 3890 611 3958 ἣ
628 3891 685 3957 109)
708 3892 792 3942 ludaei
811 3891 922 3944 fortasse
946 3894 1041 3944 cultius
1065 3908 1208 3960 synagogas
1226 3896 1297 3946 uadi·

152 3973 237 4032 fleant,
255 3972 348 4022 cultius
368 3973 469 4033 erigant
486 3972 621 4038 Capitolia.
646 3999 678 4010 -
703 3973 788 4024 Simili
807 3976 879 4025 modo
903 3975 1059 4025 Tertulliau.
1082 3975 1105 4025 d.
1125 3985 1203 4042 spect.
1222 3994 1243 4028 c.
1267 3978 1297 4030 12

152 4053 303 4120 Capitolium
323 4056 431 4104 omniurn
450 4055 595 4106 daemonum
614 4057 734 4122 templum
754 4055 786 4106 cf.
805 4059 863 4108 adv.
876 4066 927 4108 nat.
942 4058 983 4108 lib.
997 4057 1030 4108 lll
1043 4075 1064 4108 c.
1080 4059 1118 4108 16.
1157 4061 1209 4110 lluc
1220 4061 1296 4110 etiam

151 4136 258 4188 Servius
276 4143 375 4201 spectat
394 4137 419 4186 io
438 4144 578 4188 commento
598 4139 719 4189 Aeneidis
738 4138 783 4188 lib.
804 4138 823 4188 ll
842 4155 866 4190 v.
887 4139 949 4188 319:
969 4141 995 4189 iu
1014 4140 1138 4205 Capitolio
1160 4142 1225 4192 euim
1245 4157 1296 4192 om·

78 4260 79 4264 ,
151 4219 219 4269 uiuus
238 4217 341 4268 deorum
360 4217 497 4268 simulacra
516 4219 674 4270 colebantur.
712 4218 760 4269 Pro
774 4221 857 4286 capite
869 4221 970 4273 verbum
984 4230 1122 4287 usurpatur
1135 4238 1150 4272 a
1164 4209 1295 4274 Chalcidio

152 4300 177 4350 iu
195 4300 314 4350 translat.
333 4297 449 4350 Platonis
467 4299 564 4352 Timaei
589 4303 637 4367 (ap.
658 4301 778 4353 Mullach.
798 4301 887 4366 lragm.
907 4303 998 4368 philos.
1018 4301 1062 4353 Gr.
1082 4305 1133 4354 vol.
1153 4303 1173 4354 ll
1192 4321 1215 4370 p.
1234 4304 1296 4368 231)

152 4397 172 4431 c.
192 4381 252 4432 221:
272 4385 341 4446 tpars
360 4381 466 4442 animae)
485 4389 609 4447 tamquam
629 4383 709 4441 totius
728 4384 843 4448 corporis
863 4384 1019 4450 capitolium.

219 4462 239 4525 9)
258 4477 296 4528 ap.
316 4463 441 4513 Maosium
466 4464 525 4513 coll.
549 4465 640 4515 concil.
668 4465 743 4530 ampl.
762 4472 822 4515 tom.
841 4465 861 4516 ll
885 4482 908 4530 p.
931 4466 959 4516 15
979 4483 1000 4516 c.
1019 4465 1087 4518 LlX.
1123 4467 1164 4518 Sic
1191 4467 1295 4520 concilii
