3180 5236
618 398 831 462 ...63-

148 577 189 637 ad
218 575 445 637 sacrificandum
477 584 577 654 parato
605 575 752 654 alligatum
784 576 820 636 de
843 575 924 636 collis
947 574 1099 636 cacumine
1126 581 1212 636 tauro
1240 574 1294 634 sti-

149 674 241 735 mulis
263 674 385 736 incitoto
410 674 546 748 detraxit,
569 691 629 754 quo
652 677 763 736 fautum
786 682 840 744 est,
866 682 899 736 ut
914 673 963 736 ille
979 673 1075 754 capite
1090 674 1191 746 scisso,
1215 689 1293 734 mar-

147 773 218 852 tyrii
242 781 366 834 mortem
391 771 617 851 oppeteret⁹³⁷t

238 869 333 930 hledio
361 889 431 930 aevo
460 870 593 950 Capitolii
621 888 730 930 nomen
757 871 830 932 falso
850 870 1025 934 translatum
1050 878 1095 932 est
1121 871 1156 930 ad
1183 870 1293 930 curiam

150 978 182 1030 et
207 969 408 1048 magistratum
427 970 605 1030 Tolosanum
622 970 858 1046 significandum,
881 988 948 1030 cum
973 980 1071 1030 tamen
1087 970 1194 1030 rectius
1215 969 1294 1030 curia

149 1068 324 1148 capitulum,
348 1069 536 1146 magistratus
559 1067 721 1147 capitularii
747 1067 802 1128 diei
819 1068 970 1128 deberent.
1015 1069 1117 1147 ltaque
1134 1069 1294 1130 cavendum

149 1167 220 1238 erit,
243 1185 280 1226 ne
304 1167 383 1236 inde,
407 1167 487 1246 quod
511 1185 619 1228 nomen
649 1166 783 1245 Capitolii
812 1165 1020 1228 instrumentis
1049 1166 1113 1226 aevi
1143 1166 1230 1228 medii
1258 1167 1295 1226 ad

149 1265 264 1326 curiam
289 1265 333 1326 rel
356 1265 560 1342 magistratum
584 1265 808 1344 intelligendum
831 1265 904 1326 laiso
928 1273 1096 1346 usurpator,
1120 1265 1294 1345 Capitolium

149 1365 305 1443 usquead
330 1383 362 1424 ea
385 1373 519 1443 tempora
542 1363 669 1441 uiguisse
691 1363 955 1443 euisitimetur²³⁸).

220 1500 265 1563 ”il
282 1501 360 1552 Cuius
386 1499 523 1551 relationis
550 1501 687 1551 communis
714 1500 825 1552 fortasse
852 1499 909 1552 inus
932 1509 973 1551 est
1000 1501 1140 1566 singularis
1164 1499 1295 1550 Saturnini

148 1583 244 1645 mium,
271 1597 343 1647 qnam
372 1583 452 1632 edidit
478 1582 643 1634 hlahillooius
670 1583 739 1633 iuter
766 1583 898 1647 Liturgias
926 1581 1073 1633 Gallicanas
1096 1581 1140 1632 lih.
1160 1581 1184 1630 3.
1225 1580 1297 1631 later·

149 1665 295 1730 scriptores
322 1665 364 1730 qui
391 1665 486 1730 primos
513 1666 543 1714 ad
571 1679 626 1716 eam
652 1665 774 1730 respicit,
808 1673 848 1716 est
875 1665 1049 1730 appollinaris
1076 1664 1210 1726 Sidonios,
1238 1665 1295 1718 inde

149 1746 182 1796 ah
205 1761 271 1798 anno
296 1745 346 1794 472
369 1746 543 1796 Arvernorum
566 1745 712 1812 episcopus,
735 1746 778 1814 qui
802 1746 876 1810 epist.
896 1745 931 1796 lX
951 1747 982 1797 16
1004 1746 1042 1796 sic
1065 1752 1171 1796 mortem
1194 1744 1297 1796 Saturni

149 1827 288 1880 describit:

490 1909 511 1958 Ε
530 1907 619 1974 quihus
639 1909 745 1973 primum
763 1907 825 1957 mihi
843 1907 938 1973 psallat
955 1909 1061 1974 hymnus

495 1990 537 2055 qui
556 1987 700 2040 Tolosatem
719 1990 803 2040 tenuit
822 1990 975 2052 cathedram,

493 2073 525 2120 da
542 2073 623 2134 gradu
642 2087 738 2122 summo
757 2071 936 2136 capitoliorum

492 2153 693 2218 praecipitatum.

491 2259 567 2324 Quem
587 2267 733 2321 negatorem
750 2259 826 2325 Iovia,
837 2275 867 2312 ac
886 2260 1018 2315 Minervae

494 2349 520 2392 et
538 2343 623 2392 crucis
643 2340 739 2410 Christi
758 2341 822 2392 hona
835 2341 997 2394 confitentem

495 2423 580 2474 vinxit
598 2424 629 2473 ad
647 2423 718 2473 tauri
737 2423 805 2474 latus
824 2423 951 2488 iniungati

494 2503 565 2570 plebs
579 2503 724 2555 furibunda.

151 2612 202 2680 Qui
222 2613 310 2664 eodem
329 2609 383 2662 lare
401 2629 447 2678 quo
468 2611 608 2676 Gregorius
626 2611 784 2664 Turonensis
802 2621 915 2680 tempore
928 2613 996 2664 vixit
1014 2583 1155 2665 Venantius
1168 2612 1298 2664 Fortuna-

150 2703 194 2746 tus
213 2695 345 2768 Sidonium
363 2704 465 2746 secutus
484 2695 569 2745 sancti
587 2695 673 2745 laudes
692 2695 824 2761 praedicnt
842 2697 882 2745 his
901 2697 1018 2747 versihns
1037 2693 1153 2761 (miscell.
1172 2695 1194 2746 ll
1216 2699 1270 2760 ¹1l²

372 2792 417 2842 sed
436 2791 528 2842 vitiata
546 2791 621 2842 malis
639 2798 666 2840 et
685 2790 757 2865 pleps
775 2788 869 2840 iniecta
887 2791 992 2842 venenis

345 2895 350 2902 ¹
372 2874 458 2924 curari
477 2873 601 2935 effugiens
619 2887 698 2936 aegra
716 2872 801 2922 iacere
820 2872 918 2924 volens.

373 2954 536 3020 Comprendit
553 2955 618 3006 mala
637 2969 699 3004 sana
717 2955 811 3016 virurn3
830 2954 862 3004 ad
880 2954 1007 3019 Capitolia
1025 2953 1099 3004 duxit

373 3045 449 3102 atque
467 3053 512 3087 suo
531 3037 629 3088 medico
648 3037 754 3088 vulnera
774 3037 846 3102 plura
867 3037 944 3088 dedit.

223 3129 365 3195 Gregorius
383 3129 552 3192 Turonensis,
580 3131 620 3196 qui
647 3131 734 3181 floruit
757 3131 815 3180 inde
840 3133 871 3180 ab
890 3147 954 3182 auno
974 3131 1023 3182 538
1046 3147 1125 3196 usque
1147 3132 1218 3181 ada.
1240 3132 1298 3196 594,

150 3213 214 3264 hist.
232 3213 324 3264 Franc.
346 3212 395 3264 lc.
415 3213 447 3263 28
474 3214 575 3279 tpatrcl.
596 3212 652 3263 Lat.
673 3228 726 3263 cur.
745 3211 831 3275 migne
854 3213 906 3263 vol.
926 3214 955 3262 'll
976 3211 1060 3277 §rep
1086 3213 1213 3277 „Cumque
1231 3229 1299 3262 com·

150 3297 294 3362 prehensos
316 3295 348 3344 ad
371 3294 526 3360 Capitolium
549 3295 700 3357 duceretur,
727 3294 835 3345 relictos
857 3296 889 3344 ah
907 3295 947 3344 his
971 3297 1016 3356 (sc.
1035 3294 1205 3361 preshyteris)
1227 3295 1298 3345 solua

151 3377 303 3428 attrahitur.
339 3377 387 3426 llic
405 3391 467 3428 vero
486 3377 555 3426 tauri
574 3374 685 3427 iurantis
703 3377 823 3439 vestigiis
842 3377 965 3440 alligatus
983 3392 1013 3426 ac
1031 3378 1062 3427 da
1080 3377 1207 3442 Capitolio
1226 3393 1300 3442 praa-

152 3458 277 3523 oipitatas
296 3458 375 3509 uitam
393 3457 504 3507 finivit‘t
539 3457 606 3508 idam
625 3458 670 3508 lih.
690 3458 805 3508 miracul.
817 3457 828 3508 I
839 3475 860 3508 e.
872 3459 916 3508 48:
935 3459 1002 3524 „Qui
1015 3459 1125 3524 impulsu
1138 3473 1300 3524 paganorum,

154 3539 229 3590 bovis
248 3539 343 3603 petulci
363 3539 487 3602 religatus
506 3539 636 3602 vestigiis,
655 3555 700 3604 per
718 3541 812 3602 grados
826 3538 947 3606 Capitolii
965 3541 1161 3606 praecipitatus,
1180 3555 1300 3606 praesen-

153 3629 206 3672 tem
225 3620 312 3671 hoivit
330 3621 409 3670 vitan
428 3620 520 3684 capitis
538 3633 656 3685 compage
675 3619 816 3685 dispersa“.

223 3701 268 3767 ⁹⁸⁸)
285 3717 308 3751 e.
326 3717 350 3764 g.
376 3700 449 3752 Patri
476 3699 609 3762 Mummii,
636 3700 735 3750 abbatis
763 3700 955 3768 Cluniacansis,
981 3703 1246 3768 quiohilta.1158‚
1273 3703 1300 3752 in

113 3793 115 3798 ’
155 3783 266 3850 epistula
294 3784 418 3834 adversus
442 3783 656 3834 Petrohrusianos
683 3786 732 3848 (ap.
759 3783 890 3838 Valesium
908 3785 939 3836 Ν.
959 3784 989 3836 G.
1009 3802 1031 3850 p.
1047 3787 1106 3846 620)
1134 3787 1212 3835 verba
1239 3787 1301 3834 haec

154 3873 230 3916 sont:
254 3863 324 3928 „lsta
343 3881 397 3916 cuna
415 3865 441 3915 in
466 3864 593 3930 Capitolio
617 3872 770 3928 senatorum,
795 3866 881 3930 quales
906 3881 953 3916 vos
977 3881 1117 3930 aggregare
1141 3867 1244 3930 soletis,
1270 3867 1300 3916 de

156 3948 288 3999 consulari
307 3948 349 3998 val
367 3947 440 4010 regio
459 3947 584 3997 tribunali
602 3947 785 3996 declamatorio
805 3961 848 3995 ora
868 3947 943 3998 vohis
962 3947 1078 4012 prolerre
1096 3949 1176 3999 moris
1195 3949 1238 4010 sit,
1256 3949 1302 3998 ad·

155 4028 339 4079 ductostatim
363 4028 389 4078 io
407 4029 561 4080 seutentiam
582 4035 696 4078 vestram
721 4027 952 4078 eruditissimorum
976 4029 1079 4080 illorum
1103 4038 1238 4092 convento,
1262 4031 1301 4080 in·

156 4111 241 4164 victae
260 4109 373 4159 orationi
397 4109 482 4158 subito
506 4109 687 4158 acclamatur“.
723 4107 799 4158 Curia
823 4116 916 4174 autern,
943 4126 1006 4176 quae
1031 4111 1163 4162 dicebatur
1184 4118 1211 4161 at
1237 4127 1302 4161 unna

155 4193 253 4243 dicitur
271 4191 432 4257 Capitolium,
450 4191 582 4242 aedificata
601 4197 641 4240 est
658 4205 681 4240 a.
702 4191 782 4255 1294;
800 4192 858 4241 inde
877 4192 960 4256 igitur
978 4193 1143 4256 magistratus
1161 4192 1240 4256 urhis,
1259 4194 1301 4258 qui

156 4290 224 4326 nuuc
244 4279 369 4322 vocantur
386 4272 513 4338 capitonis
532 4271 702 4338 (capitularii)
721 4273 786 4323 dicti
806 4281 866 4323 snut
882 4275 1024 4340 Capitolini
1043 4272 1075 4324 el.
1093 4273 1178 4338 Stark,
1199 4274 1302 4325 satute-

156 4354 239 4419 leheu,
257 4351 342 4404 liuast
359 4353 408 4402 aad
427 4354 555 4404 Altertum
574 4353 600 4402 in
619 4353 777 4410 Franlreich
795 4370 818 4420 p.
839 4356 894 4406 186.
916 4356 981 4418 189;
1004 4355 1097 4418 Mihin,
1116 4356 1220 4422 Vopage
1239 4357 1302 4406 daus

157 4435 196 4486 las
214 4432 402 4502 dc'partarnents
416 4437 449 4486 du
459 4435 522 4486 midi
533 4436 565 4486 de
577 4435 603 4486 la
614 4435 713 4486 Franco
725 4435 758 4488 lV
777 4453 801 4502 p.
812 4436 877 4500 4283
896 4437 1011 4488 Histoire
1022 4434 1142 4501 gdndrale
1154 4435 1190 4489 Vl
1205 4454 1229 4504 p.
1241 4437 1299 4490 213.
