3180 5236
616 420 839 482 ..11-

148 607 236 664 ¹aranc
262 601 317 664 viri
346 600 425 663 docti
452 605 514 662 nec'
537 599 634 660 solam
656 598 720 660 llali
743 595 884 676 Capitolia
909 613 962 675 pro
986 593 1110 658 castellis
1132 592 1222 658 luisse
1244 591 1299 654 sibi

152 701 360 781 persuadeant.

240 799 371 861 Tandem
403 798 491 876 igitar
522 806 553 857 at
583 813 665 858 error
693 795 869 857 manifestus
897 815 913 854 e
941 792 1039 856 medio
1067 793 1188 854 tollatur
1214 790 1300 869 Capi-

153 900 258 962 tolium
294 898 367 960 nibil
400 897 457 958 nisi
491 896 635 976 templum
669 894 833 973 significare
866 893 975 954 iterum
1011 909 1127 954 moneo.
1172 891 1230 952 Sed
1264 899 1299 952 ut

151 999 310 1062 redeamus
332 998 366 1059 ad
390 1017 423 1058 ee
447 1015 522 1075 qaae
544 994 753 1074 proposuimus
776 1013 792 1054 a
814 1009 915 1054 rerum
940 990 1134 1071 scriptoribus
1165 1008 1296 1052 comme·

113 1137 116 1144 ·
152 1096 464 1175 morantarCapitolia
488 1096 572 1155 haec:
597 1094 807 1172 Capuanum
830 1093 1136 1154 Beneventanum
1161 1087 1278 1150 Narbo

151 1215 264 1260 nense
286 1196 507 1256 Tolosanum
531 1193 869 1270 augustodunense
891 1188 1205 1266 Carthaginiense
1228 1187 1299 1248 Co-

152 1295 341 1358 rinthium
382 1291 852 1370 Constantinopolitanum
887 1288 1134 1350 Antiocheam
1170 1287 1299 1350 fliero-

151 1395 428 1474 solymitanam.

237 1494 324 1554 Nunc
345 1493 509 1554 transimus
532 1493 566 1552 ad
590 1499 654 1551 acta
677 1497 848 1550 sanctorum
873 1506 948 1566 quae
970 1487 1039 1548 inde
1062 1486 1098 1548 ab
1121 1503 1199 1548 anno
1218 1484 1299 1550 1643

152 1594 239 1656 edere
267 1592 366 1670 coepit
392 1592 436 1652 lo.
461 1590 646 1659 Bollandius,
681 1588 943 1656 continuaverunt.
970 1596 999 1648 et
1028 1604 1089 1648 non
1113 1585 1300 1665 perfecerunt

152 1692 224 1754 Dan.
242 1689 457 1769 papebrochius
481 1689 552 1750 God.
570 1687 775 1749 henschenius
797 1686 853 1748 alii.
898 1686 1012 1760 Quibus
1034 1703 1213 1765 qrramquam
1239 1703 1300 1748 non

152 1790 177 1852 is
200 1807 267 1852 sam
291 1789 342 1868 qui
366 1787 525 1866 plurimam
549 1787 617 1848 ndei
642 1787 766 1848 babeam
789 1795 890 1846 tamen
915 1803 1036 1863 prorsas
1059 1801 1092 1844 oa
1116 1802 1182 1844 esse
1198 1783 1299 1859 aegle-

151 1889 247 1968 genda
270 1906 358 1966 nego.
402 1889 440 1947 at
462 1886 666 1946 difficillimam
692 1895 720 1946 et
748 1884 932 1964 periculosae
961 1884 1081 1962 plenam
1112 1901 1187 1962 opus
1221 1882 1300 1944 aleae

150 1997 245 2050 artem
270 1987 401 2048 criticam
433 1985 467 2046 iis
489 1985 627 2046 adhibere
650 1985 706 2053 ita.
741 1993 908 2044 etcertum
931 1983 1073 2044 iudicium
1104 1982 1173 2042 ferri
1202 1992 1300 2060 queat,

151 2107 219 2150 cam
255 2088 430 2166 pleramque
464 2085 500 2146 ab
534 2083 702 2146 auctoribus
733 2081 885 2160 anonymis
919 2081 1030 2144 incerta
1065 2089 1162 2144 aetate
1191 2079 1299 2158 scripta

150 2187 219 2250 sint.
265 2187 377 2246 Tamen
401 2185 459 2245 hoc
481 2183 600 2262 quidem
624 2201 677 2262 pro
701 2191 781 2244 certo
803 2181 904 2242 baberi
936 2180 1043 2260 poterit
1070 2179 1204 2242 breviora
1236 2187 1299 2240 acta

151 2283 316 2362 antiquiora
340 2301 404 2344 esse
428 2300 516 2361 quem
534 2299 608 2358 qaae
625 2280 773 2342 miraculis
789 2279 923 2357 fictisque
940 2278 1165 2340 narratiunculis
1191 2277 1300 2340 referte

154 2384 240 2446 vitam
270 2390 458 2460 mortemque
489 2389 660 2442 sanctorum
691 2388 838 2442 enarrent.
883 2378 956 2440 Cum
980 2385 1079 2440 aulem
1102 2377 1159 2438 illis
1181 2377 1298 2440 brevio-

150 2482 233 2548 ribus
267 2490 297 2542 et
329 2479 547 2560 antiquioribus
581 2478 653 2540 actis
682 2478 737 2540 nisi
766 2495 877 2538 nomen
901 2475 1033 2556 Capitolii
1061 2476 1135 2538 nibil
1163 2495 1297 2538 comme-

150 2587 296 2642 moratum
320 2577 490 2650 habeamus,
514 2597 546 2638 ea
569 2595 645 2656 quae
668 2577 703 2638 ad
725 2575 919 2638 recentiorem
936 2583 1072 2655 spectant
1086 2585 1210 2638 aetatem
1227 2595 1294 2638 vera

149 2679 228 2740 falsis
262 2677 387 2738 miscent
420 2684 448 2736 et
482 2675 593 2738 nomini
624 2675 756 2754 Capitolii
788 2675 943 2738 historiam
971 2675 1098 2754 aliquam
1128 2676 1293 2738 fabularum

152 2777 388 2854 mendoramqae
415 2783 475 2836 tam
506 2775 623 2853 plenam
654 2773 809 2836 adnectere
832 2781 1060 2844 consueverunt,
1084 2774 1128 2836 aix
1152 2783 1185 2836 ut
1207 2774 1293 2854 qaid·

150 2891 238 2956 qaam
262 2875 336 2936 certi
365 2873 408 2934 bis
436 2873 606 2936 auctoribus
634 2874 671 2934 de
693 2873 836 2952 Capitolio
865 2875 1052 2936 statuendam
1080 2875 1128 2935 sit.
1173 2874 1214 2936 Ile
1238 2875 1293 2936 vita

150 2975 228 3036 enim
252 2983 282 3034 et
305 2973 443 3052 passione
465 2991 568 3034 eoram
592 2973 643 3052 qui
667 2974 807 3052 martyrio
830 2977 963 3036 coronati
986 2983 1071 3036 erant
1092 2994 1160 3037 cam
1179 2975 1294 3036 instru-

150 3073 256 3134 mentis
280 3071 485 3132 ecclesiasticis
513 3079 628 3150 praeter
650 3089 760 3132 nomen
785 3072 947 3152 mortisque
973 3073 1176 3136 brevissimam
1206 3093 1292 3136 enar·

149 3173 294 3232 rationem
317 3171 389 3230 nihil
418 3171 480 3230 fere
508 3171 542 3230 ad
567 3171 744 3250 scriptorum
768 3179 892 3233 aetatem
917 3174 1093 3252 perveniret,
1122 3174 1221 3234 omnia
1243 3192 1293 3233 re-

150 3271 227 3350 lique
261 3287 276 3330 a
309 3267 521 3348 posterioribus
555 3269 622 3329 vitis
656 3269 766 3331 inserta
800 3270 864 3332 licta
894 3271 1058 3333 babeamus
1087 3291 1209 3332 necesse
1238 3280 1292 3333 est.

149 3369 231 3442 Quod
250 3387 284 3428 eo
300 3369 393 3448 magis
408 3367 552 3447 probatur
568 3370 646 3448 qaod
664 3380 797 3430 actorum
813 3389 888 3452 quae
904 3391 958 3432 nos
974 3371 1117 3434 habemas
1134 3371 1291 3432 maximam

148 3479 260 3550 partem
285 3477 354 3528 ante
376 3468 526 3528 saeculum
551 3477 684 3530 octavum
709 3486 769 3531 noa
786 3471 976 3548 compositam
995 3490 1061 3532 esse
1077 3471 1148 3532 satis
1164 3479 1290 3532 constat.

233 3567 330 3626 Nihilo
358 3567 457 3628 mitras
488 3586 555 3628 cam
585 3576 718 3628 autorum
753 3569 913 3648 scriptores
943 3571 1133 3650 antiquorum
1169 3571 1291 3631 nomina

148 3667 279 3727 locorum
303 3665 421 3744 saepius
445 3674 523 3725 certa
548 3666 672 3744 qaedam
696 3667 809 3727 ratione
832 3667 971 3729 adhibere
994 3669 1170 3745 sciamas¹⁴l
1198 3670 1234 3730 ad
1259 3688 1291 3730 ee

148 3766 294 3844 respicere
311 3765 453 3841 cogimur.
477 3763 539 3825 Hoc
556 3773 588 3824 ul
605 3766 759 3826 credamus
774 3766 951 3828 adducimur
966 3788 1001 3829 eo
1017 3769 1096 3848 quod
1115 3767 1289 3848 Capitolium

149 3863 318 3942 Capuanum
341 3863 535 3923 Narbonense
554 3863 734 3926 Tolosanum
746 3865 939 3927 Antiocheam
954 3887 1020 3928 cum
1035 3867 1106 3928 actis
1119 3874 1291 3930 sanctorum

148 3971 210 4024 tum
233 3963 321 4022 certis
343 3961 521 4024 testimoniis
544 3963 662 4024 lirmarc
686 3983 855 4042 possumus.
1264 4019 1272 4032 .

232 4061 351 4122 illoram
378 4062 469 4138 igitar
496 4061 656 4141 scriptores
685 4082 753 4125 cunr
783 4083 849 4125 vera
880 4066 997 4126 tradere
1031 4083 1128 4146 neque
1156 4067 1291 4146 Capitolii

148 4177 257 4219 nomen
280 4159 417 4219 ementiri
440 4159 607 4234 videantur,
630 4160 661 4222 in
685 4162 807 4242 reliquis
830 4181 905 4242 quae
926 4152 1076 4243 pendeant
1100 4185 1134 4225 ex
1157 4175 1289 4226 actorum

145 4451 171 4506 1⁵
197 4361 306 4524 pidum.
326 4377 354 4428 H.
374 4378 478 4430 Jordan.
497 4377 606 4446 Topogr.
625 4377 696 4432 Rom.
715 4381 767 4432 vol.
786 4379 815 4446 11,
834 4397 856 4448 p.
873 4381 936 4446 4483
954 4379 1146 4434 Friedlaeader.
1167 4384 1185 4434 l.
1199 4384 1216 4434 l.
1237 4385 1290 4436 vol.

171 4493 178 4522 ,
214 4495 220 4508 .
274 4495 280 4506 .
