3180 5236
647 401 974 468 .-5t-

290 581 399 645 veteris
428 583 512 644 urbis
537 601 563 642 a.
582 581 643 642 146
671 581 787 641 dirutae
808 597 916 639 noram
938 581 1067 640 condere
1094 581 1124 640 in
1155 581 1286 640 mimum
1308 578 1447 638 induxit.

289 683 431 761 Pompeio
458 683 534 742 ricto
562 679 708 740 coloniam
736 698 772 739 eo
800 678 955 738 deducam
982 699 1049 740 esse
1076 681 1204 739 affirmat
1233 679 1286 739 nio
1315 677 1449 738 Cassius

288 779 444 840 xntrtsn.
489 779 524 839 ln
547 779 679 838 nummis
707 777 826 856 saepius
855 778 1021 855 appellatur
1047 778 1100 838 cot
1129 777 1207 838 Laus
1237 775 1447 837 1611666116-

288 877 426 952 tbns²⁰⁰t
477 877 519 936 lle
541 876 685 955 Capitolio
707 883 808 936 autem
831 875 904 935 nibil
928 877 1069 937 traditum
1092 886 1139 937 est
1160 877 1218 936 nisi
1240 875 1309 935 illud
1332 875 1448 934 altiore

289 995 379 1056 quam
401 978 553 1040 theatrum
576 976 641 1037 loco
663 972 829 1051 fuissem)

713 1149 1013 1220 Constantinopolis.

375 1271 494 1352 Oppido
505 1289 583 1331 noro
595 1269 752 1330 condendo
764 1269 981 1330 Constantinus
993 1289 1053 1330 non
1064 1271 1160 1330 solum
1173 1270 1202 1329 id
1212 1271 1272 1347 egit
1283 1279 1316 1329 ut
1327 1285 1441 1329 noram

289 1371 407 1450 imperii
430 1371 531 1431 sedern
555 1369 611 1429 sibi
640 1379 767 1447 pararet,
800 1369 852 1428 sed
881 1369 951 1428 inde
978 1369 1058 1446 qnod
1086 1370 1211 1429 Romam
1239 1369 1274 1428 ad
1305 1387 1440 1446 unguem

288 1469 423 1531 imitatus
445 1477 502 1540 est,
524 1469 602 1528 illam
618 1468 735 1538 urbem,
757 1486 833 1546 qrrae
855 1467 913 1526 iam
936 1469 1052 1546 pridem
1068 1477 1156 1547 caput
1170 1467 1286 1547 imperii
1302 1487 1369 1528 esse
1383 1469 1439 1528 de-

291 1568 391 1640 sierat,
421 1568 478 1628 alio
500 1568 565 1627 loco
594 1566 776 1626 revirescere
807 1585 841 1625 ae
868 1567 964 1625 torma
992 1575 1104 1626 mutata
1127 1566 1296 1627 recentibus
1323 1567 1437 1627 viribus

290 1668 388 1728 redire
410 1665 442 1726 in
464 1667 552 1725 vitam
577 1683 645 1723 enm
670 1663 797 1746 noluisse
812 1675 1046 1724 consentaneum
1063 1675 1119 1724 est.
1163 1665 1265 1744 ltaque
1281 1683 1348 1725 cum
1364 1685 1389 1726 a.
1405 1666 1435 1724 d.

293 1765 324 1824 V.
348 1765 415 1826 idus
437 1763 527 1823 Maias
549 1762 620 1822 anni
645 1760 707 1823 330
730 1762 836 1822 urbem
860 1761 1010 1822 dedicaret
1032 1763 1120 1842 eique
1143 1781 1255 1822 nomen
1278 1780 1366 1824 sunm
1388 1764 1434 1822 in-

291 1865 387 1936 deret,
412 1865 477 1941 1666
498 1863 655 1923 columnae
677 1879 861 1921 marmoreae
889 1861 982 1924 incisa
1005 1869 1094 1941 atque
1119 1861 1151 1921 in
1181 1862 1327 1940 strategio
1356 1863 1432 1922 iuxta

291 1963 385 2042 ipsius
408 1969 582 2041 equestrem
600 1967 726 2020 statuam
751 1960 891 2020 collocata
914 1961 1020 2030 sanxit,
1046 1969 1081 2020 ut
1107 1961 1237 2022 secunda
1268 1961 1361 2020 Roma
1384 1979 1432 2020 ro-

291 2060 480 2135 66616111).
524 2059 609 2130 Quae
632 2075 699 2116 cum
723 2059 762 2117 ita
785 2058 855 2128 sint,
884 2075 946 2118 non
969 2059 1078 2118 mirum
1101 2059 1233 2131 ridetur,
1263 2057 1342 2137 quod
1373 2059 1433 2119 eins

292 2159 354 2220 aevi
370 2179 385 2219 a
401 2157 598 2237 scriptoribus
614 2155 888 2236 Constantinopolis
899 2158 942 2216 vet
955 2157 1121 2218 sexcenties
1136 2167 1188 2218 aut
1199 2158 1289 2217 altera
1301 2167 1352 2217 aut
1363 2175 1433 2218 nora

291 2267 342 2319 aut
354 2257 483 2317 secunda
497 2256 591 2316 Roma
604 2255 802 2326 dictitabatur,
817 2257 928 2335 quippe
939 2275 1016 2334 quae
1027 2255 1134 2316 iisdem
1148 2255 1256 2335 quibus
1270 2257 1361 2318 lloma
1374 2257 1433 2338 ipsa

292 2357 436 2419 institutis
453 2354 673 2432 magistratibus
688 2353 823 2414 moribus
840 2353 1045 2429 uteretur¹⁰³).
1078 2353 1157 2426 Quin
1181 2356 1269 2416 etiam
1290 2366 1433 2428 senatum,

292 2456 377 2517 cuius
389 2454 446 2514 nisi
458 2453 563 2512 umbra
577 2463 608 2512 et
622 2453 721 2528 imago
740 2451 812 2512 nibil
824 2462 1016 2522 remanserat,
1034 2453 1293 2532 Constantinopoli
1309 2454 1433 2514 instituit

292 2551 543 2631 magnificumque
555 2551 728 2610 senaculum
745 2549 1013 2628 exaedificarit²⁰⁴).
1043 2552 1093 2610 Vel
1106 2561 1220 2630 septem
1233 2552 1322 2612 colles
1334 2553 1374 2612 ibi
1388 2571 1434 2612 re-

292 2651 382 2731 periri
399 2648 584 2716 videbantur,
606 2665 694 2726 quam
713 2647 830 2708 obrem
847 2643 1125 2729 inrdiopogurbs
1146 2649 1367 2725 dicebatnr¹⁰.⁵).
1401 2651 1435 2711 Ut

292 2750 385 2811 Roma
401 2749 440 2810 ita
456 2767 530 2808 nova
552 2748 643 2807 Roma
660 2747 750 2808 divisa
774 2748 864 2808 estin
887 2749 1123 2827 quattuordecim
1143 2750 1288 2826 regiones,
1311 2767 1433 2828 quarum

293 2856 393 2910 octava
406 2867 499 2928 aeque
511 2853 600 2926 atque
610 2847 669 2906 illic
684 2847 889 2924 Capitotolium
907 2846 1150 2922 continebat¹⁰⁶).
1173 2849 1278 2908 Utrum
1291 2849 1435 2908 Constan-

293 2949 374 3008 tinus
390 2948 447 3007 fide
459 2945 622 3006 Christiana
635 2943 768 3003 imbutus
784 2952 919 3004 mortuus
934 2944 973 3004 sit
988 2963 1098 3014 annon,
1115 2946 1276 3006 diiudicare
1296 2965 1363 3006 cum
1381 2947 1434 3006 dif-

293 3049 369 3110 ficile
390 3045 505 3120 sitm),
529 3044 656 3106 Braunio
685 3044 859 3124 Capitolium
885 3041 980 3123 primo
1007 3045 1106 3106 statim
1130 3053 1264 3126 tempore
1290 3046 1326 3106 ad
1349 3045 1434 3106 alium

294 3165 383 3208 usum
406 3145 442 3206 ab
465 3145 530 3224 ipso
551 3144 729 3224 imperatore
752 3144 930 3205 destinatum
954 3163 1019 3204 esse
1041 3145 1256 3220 arbitranti¹⁰⁸)
1279 3154 1313 3205 nt
1336 3163 1436 3206 assen-

297 3303 309 3324 ·
362 3297 404 3358 ²⁰⁰)
424 3294 529 3344 Eckbel.
548 3294 578 3344 D.
597 3293 627 3344 N.
647 3291 744 3342 11241.

362 3375 406 3442 ¹⁰¹)
425 3375 531 3425 Pausan.
549 3373 613 3436 114,
633 3376 659 3424 5:
678 3370 748 3444 ὑπὲρ
765 3373 795 3426 dt
812 3371 841 3425 rb
860 3371 978 3446 θέατρόν
994 3375 1070 3427 ἐστιν
1087 3372 1162 3441 ἱερὸν
1180 3371 1248 3433 Διὸς
1263 3375 1436 3426 Καπετωλίου

295 3461 375 3530 φωνῇ
392 3457 424 3528 τῇ
440 3453 592 3523 Ῥωμαίων·
610 3451 680 3506 κατὰ
698 3452 798 3506 etune
817 3453 848 3509 δὲ
865 3457 997 3524 γλῶσσαν
1013 3459 1174 3526 Κορυφαῖος
1193 3451 1349 3524 ὀνομάζοιτ’
1369 3451 1410 3509 ἄν.

363 3539 406 3604 ¹⁰²)
425 3539 523 3589 Socrat.
541 3535 553 3588 I
573 3538 611 3589 16.
647 3537 739 3589 Urbem
757 3547 863 3589 aeterna
882 3540 982 3589 nomine
1001 3555 1030 3590 se
1048 3541 1155 3589 donasse
1167 3538 1222 3604 ipse
1235 3539 1369 3604 protitetur
1382 3541 1436 3602 lege

296 3639 318 3674 6.
338 3623 387 3673 334
405 3621 467 3683 1616,
485 3619 539 3668 661,
557 3619 651 3670 Theod.
671 3614 730 3668 Xlil
749 3620 773 3683 5,
793 3621 814 3670 1.

363 3703 406 3764 ²⁰⁸)
424 3702 539 3752 Cassiod.
559 3701 624 3750 illst.
643 3701 704 3766 trip.
723 3699 743 3750 11
765 3702 804 3764 18,
816 3703 841 3752 6.
877 3701 979 3769 Coripp.
997 3703 1020 3751 d.
1039 3701 1317 3752 166116611611345.
1337 3701 1437 3752 111156.

296 3787 353 3838 247.
372 3784 407 3836 lV
427 3785 482 3836 161.
505 3783 563 3834 141.
599 3781 731 3832 Claudian.
751 3783 776 3832 in
796 3783 878 3834 llulin.
898 3783 921 3834 2.
957 3783 1053 3834 Annon.
1073 3780 1437 3834 6.6161.6111.6.ν.-61.

296 3870 323 3921 C.
336 3868 354 3920 l.
368 3866 412 3918 Gr.
426 3866 501 3916 8611.
520 3863 594 3916 9636.
614 3864 689 3916 9664.
709 3864 775 3916 8149
793 3865 826 3916 al.

363 3949 406 4009 ¹⁰⁴)
425 3947 520 3997 Zosim.
539 3947 561 3996 V
582 3947 621 3997 24.

363 4029 407 4094 ²⁰⁶)
425 4028 549 4090 llucangii
567 4027 653 4093 Cpolis
673 4027 820 4080 Christiana
838 4025 848 4078 l
866 4044 887 4076 e.
906 4025 969 4077 Vlll.
1050 4037 1053 4044 ’

364 4111 407 4174 ¹⁰⁶)
426 4109 468 4159 vd.
490 4109 598 4174 Dncang.
619 4111 637 4160 l.
656 4127 677 4161 6.
697 4109 707 4160 l
727 4110 773 4172 203
794 4107 908 4175 Gyllium
926 4105 1002 4169 11173
1026 4107 1056 4158 ll.
1074 4107 1211 4156 dordunum
1235 4105 1344 4172 Topogr.
1364 4107 1392 4158 U.
1410 4104 1438 4155 ll.

335 4209 408 4336 ΡΜ)
428 4271 539 4323 Lasaulx
566 4272 583 4323 l.
603 4291 625 4324 c.
648 4291 671 4340 p.
691 4273 736 4333 303
760 4269 926 4333 Bnrelbardt,
953 4270 1000 4320 llic
1024 4270 1082 4320 Zcit
1104 4269 1269 4320 Constantius
1287 4270 1310 4319 d.
1330 4267 1439 4320 Grolscn

298 4357 358 4408 edit.
378 4357 423 4406 611.
442 4371 464 4422 p.
478 4353 528 4404 389
538 4370 590 4421 sqq.

365 4435 409 4503 ²⁰⁸)
427 4436 444 4486 l.
465 4453 486 4487 c.
506 4451 528 4502 p.
542 4435 588 4497 22;
609 4436 659 4499 „So
677 4436 749 4485 batte
762 4451 784 4485 z.
797 4435 824 4484 B.
838 4431 1053 4500 lionstantinopel
1072 4433 1111 4482 ein
1125 4430 1240 4498 ltapitol,
1258 4433 1366 4483 welches
1379 4431 1440 4482 aber
