3180 5236
622 391 846 456 ..23-

162 570 217 644 sit,
240 587 321 631 nunc
349 569 482 650 quaestio
511 571 569 630 1133.
615 571 711 650 Atque
732 569 803 630 iliud
828 569 864 630 ad
887 569 1033 631 Oscorum
1062 577 1186 631 aetatem
1218 587 1308 632 revo-
1343 569 1347 578 '

162 670 288 731 candum
313 689 377 731 esse
399 670 552 731 Nissenius
576 669 698 740 censuit,
726 687 786 730 non
810 668 952 748 probavit.
997 670 1037 730 Ut
1060 669 1139 730 enim
1162 669 1307 749 templum

161 772 238 831 intra
261 788 355 831 annos
380 769 440 831 300
463 777 492 832 et
511 771 570 830 100
594 769 745 832 conditum
769 770 964 842 demonstret,
988 787 1078 830 unam
1101 785 1217 830 causam
1243 787 1308 828 mo-

70 919 74 926 .
162 868 265 928 dolum
287 868 397 929 Oscum
420 868 589 948 3333133111).
628 868 732 928 Omnia
755 869 790 928 ad
814 886 890 947 quae
912 868 1038 946 quadret
1064 867 1140 929 Osca
1170 885 1307 928 mensura

162 971 249 1046 (quae
264 977 309 1028 est
322 966 415 1038 0215
428 969 471 1042 m)
493 967 621 1028 aedificia
643 967 679 1027 ad
702 966 809 1037 Oscos,
838 966 871 1026 ad
898 985 974 1046 quae
996 967 1129 1027 Romana
1153 967 1308 1046 (quaeest

160 1064 255 1138 0206
269 1067 312 1146 nr)
335 1067 370 1126 ad
387 1067 536 1128 Romanos
558 1066 708 1145 pertinere
732 1083 829 1144 nequo
853 1065 935 1144 prius
958 1065 1108 1129 aedificata
1132 1083 1306 1144 essequam

160 1164 241 1225 Sulla
265 1165 411 1226 coloniam
434 1165 591 1244 Pompeios
614 1165 781 1235 deduceret
804 1164 938 1242 pluribus
961 1182 1108 1243 exponere
1123 1164 1231 1225 studet.
1269 1165 1307 1224 At

159 1263 237 1324 ratio
271 1283 333 1324 non
367 1272 498 1336 constat,
533 1283 601 1325 cum
630 1264 758 1336 Meuius,
793 1263 845 1342 qui
876 1263 985 1324 iterum
1019 1263 1123 1342 tempti
1150 1281 1306 1324 mensuras

162 1361 267 1438 exegit,
296 1363 377 1424 nullo
407 1364 496 1424 modo
525 1363 630 1442 pedem
657 1363 766 1424 Oscum
805 1382 840 1422 ex
866 1361 1015 1423 mensuris
1041 1361 1117 1422 effici
1144 1368 1225 1422 recte
1252 1361 1305 1422 03-

159 1460 359 1540 3333313310).

243 1559 346 1639 Neque
369 1559 459 1636 igitur
489 1559 646 1638 quiequam
675 1559 859 1640 temporibus
882 1559 1027 1620 Oscorum
1049 1557 1196 1636 Pompeiis
1220 1557 1305 1638 Capi·

152 1657 261 1718 t'olium
285 1658 343 1718 iam
368 1658 515 1718 exstitisse
538 1658 700 1719 adducetur
723 1665 756 1718 ut
778 1658 915 1718 Nissenio
938 1655 1098 1731 credat⁰⁷p
1143 1657 1180 1718 At
1202 1665 1304 1720 contra

158 1756 367 1824 Overbeokius‚
391 1775 458 1817 curn
483 1758 582 1818 forum
607 1773 664 1816 333
688 1775 756 1816 cunr
780 1756 921 1818 dediticiis
943 1756 978 1816 ad
1002 1762 1157 1834 praecepta
1181 1755 1302 1818 Vitruvii

156 1854 266 1932 optime
289 1855 422 1933 quadret,
446 1854 518 1914 iliud
541 1855 707 1914 recentiore
729 1873 817 1934 quam
843 1863 954 1915 ceteras
979 1855 1060 1916 urbis
1081 1862 1180 1933 partes
1206 1862 1303 1918 aetate

155 1952 341 2014 aedificatum
364 1953 400 2013 30
423 1951 569 2015 coloniam
584 1953 747 2014 Romanam
762 1960 896 2032 spectare
911 1973 944 2015 se
959 1971 1135 2032 persuasum
1158 1952 1301 2036 babet⁶⁸).

157 2051 276 2111 Colonia
299 2061 398 2112 autem
421 2051 452 2112 in
476 2052 615 2132 oppidum
638 2053 715 2113 bello
730 2052 855 2114 Marsico
878 2061 996 2131 captum
1013 2053 1148 2131 maleque
1163 2053 1301 2116 30331333

156 2150 281 2210 deducta
312 2160 358 2211 est
387 2169 403 2209 a
427 2151 523 2221 Sulla,
557 2151 706 2211 dictatoris
729 2151 914 2230 propinquo,
938 2169 1025 2229 quern
1049 2149 1149 2210 Cicero
1172 2169 1198 2211 3.
1222 2171 1251 2212 3.
1274 2171 1300 2213 3.

157 2247 219 2308 002
242 2248 278 2307 ab
302 2249 489 2310 accusatione
505 2249 653 2310 societatis
670 2247 857 2310 Catilinariae
878 2249 1091 2310 coniurationis
1108 2245 1298 2326 defendit⁶⁹).

163 2425 374 2432 ---.-..

152 2554 218 2606 13133
230 2555 359 2620 013331313
372 2553 517 2617 3310333333,
534 2560 617 2604 tamen
630 2556 678 2604 hoc
691 2552 832 2619 proiecisse
845 2555 905 2604 mibi
919 2555 1016 2621 videor,
1029 2562 1057 2606 ut
1069 2556 1182 2608 Nissenii
1196 2573 1299 2608 errores

151 2638 282 2699 tollerem,
300 2637 391 2702 qnippe
410 2636 453 2700 qui
472 2635 580 2686 maxime
598 2637 625 2686 id
644 2651 744 2698 agerem
764 2644 792 2686 31
808 2637 963 2701 1113333133,
986 2638 1029 2703 qui
1048 2653 1103 2690 eum
1122 2638 1248 2705 Capitolia
1267 2655 1299 2690 ex

152 2721 257 2783 antiqua
271 2717 391 2768 italorum
406 2717 531 2780 religione
547 2725 605 2767 3333
623 2733 680 2768 3333
696 2726 812 2782 3333333,
826 2720 874 2770 hoc
892 2735 989 2785 quoque
1001 2720 1153 2785 Capitolium
1168 2723 1201 2772 30
1218 2722 1298 2775 Osco!

144 2800 283 2866 ’333313333
302 2799 455 2861 imaginatus
475 2805 523 2862 333,
541 2799 621 2850 331113
639 2801 794 2862 argumentis
814 2801 892 2852 insiti
910 2803 1118 2854 demonstrarem.

221 2894 251 2957 ⁸⁶)
271 2894 342 2944 Stud.
361 2891 446 2959 Pomp.
464 2909 488 2960 p.
508 2893 549 2958 90,
567 2894 625 2958 320,
645 2893 703 2959 302,
722 2893 779 2954 367.

152 3013 154 3020 v
218 2989 251 3056 ⁸⁸)
270 2990 354 3057 Symb.
374 2988 459 3055 Pomp.
478 3005 501 3056 p.
521 2988 572 3039 204
584 3005 621 3054 sq.
640 3015 673 3026 -
692 2989 794 3040 Nissen.
808 2991 826 3040 1.
839 3007 860 3040 c.
879 3002 904 3056 p.
917 2991 949 3040 90
968 2992 1093 3042 scolarum
1111 2992 1201 3058 pronai
1216 2991 1297 3043 331133

150 3087 268 3124 summam
295 3070 392 3122 faciens
417 3078 546 3138 computat
567 3071 645 3135 30311
654 3088 685 3121 m.
705 3072 720 3120 1.
739 3087 761 3121 3.
781 3073 835 3136 330.
855 3073 913 3123 Osc.
935 3071 983 3124 132
1006 3079 1034 3123 et
1056 3087 1116 3124 3333.
1140 3074 1210 3133 (3133
1232 3071 1297 3138 qnod

148 3169 172 3219 33.
192 3155 240 3204 365
268 3155 353 3204 voluit
382 3153 498 3216 36,6133.
518 3154 535 3202 1.
555 3169 575 3204 3.
595 3155 651 3218 330.
672 3153 729 3203 033.
751 3151 798 3205 133
828 3161 854 3202 33
881 3157 961 3218 sem).
1019 3154 1169 3207 01333133
1197 3153 1297 3206 Manius

149 3235 236 3300 templi
258 3235 428 3300 longitudinis
452 3249 571 3286 33333333
595 3251 651 3286 3333
674 3235 767 3302 probat
788 3251 803 3286 a
825 3241 899 3300 333313
922 3237 1013 3287 dextra
1035 3237 1165 3301 31,0133.,
1191 3243 1296 3302 aparte

149 3317 253 3366 31313133
272 3317 406 3382 tussam.
456 3317 520 3367 Sunt
542 3317 778 3380 3313333008833.
799 3318 863 3367 idem
882 3319 947 3383 quod
972 3318 1021 3370 134
1038 3325 1065 3368 et
1082 3333 1143 3368 3333.
1160 3319 1217 3384 ped.
1237 3317 1296 3369 033.
1340 3341 1342 3345 v

148 3405 174 3448 et
192 3400 251 3463 31,0
261 3415 293 3449 m.
312 3401 378 3450 idem
391 3400 455 3465 qnod
470 3401 517 3449 125
531 3399 585 3464 330.
599 3400 668 3450 Rom.
682 3399 769 3466 ltaque
783 3413 911 3450 numerum
925 3400 1060 3452 Romanum
1074 3401 1153 3451 333133
1163 3401 1296 3451 rariorem

149 3495 206 3531 esse
224 3497 297 3546 quam
315 3481 408 3531 Oscum
426 3482 482 3532 inco
501 3482 597 3532 elarius
616 3489 663 3532 est.

215 3577 246 3640 ⁶⁷)
265 3575 331 3641 Quid
350 3583 432 3626 autern
453 3575 498 3626 ille
517 3575 568 3626 sibi
587 3577 653 3628 velit
671 3593 725 3627 eum
744 3577 761 3628 l.
775 3594 796 3628 c.
815 3595 838 3643 p.
852 3577 952 3632 biblii
971 3578 1064 3643 templo
1084 3591 1173 3627 nomen
1192 3577 1295 3629 Cereris

147 3657 232 3708 Liberi
251 3657 361 3708 Liberae
380 3657 460 3719 indat,
483 3673 530 3720 ego
549 3675 597 3706 non
615 3659 748 3720 intellego.

215 3754 245 3815 ⁸⁸)
265 3755 281 3804 l.
300 3771 321 3804 c.
341 3770 363 3820 p.
384 3753 424 3816 62,
444 3753 488 3803 68:
513 3753 594 3816 „Eine
613 3754 705 3804 zweite
731 3753 859 3805 zwiscben
878 3755 932 3804 0333
952 3769 1004 3818 sog.
1024 3753 1154 3806 Pantheon
1173 3755 1221 3804 und
1241 3755 1296 3806 0333

148 3836 312 3897 8333331333,
337 3835 414 3884 sowio
434 3836 490 3885 3133
510 3835 589 3886 031133
608 3835 734 3884 zwisehen
755 3836 810 3885 dem
830 3835 984 3886 Chalcidinm
1004 3833 1050 3883 aui
1065 3835 1109 3882 das
1130 3835 1220 3884 Forum
1238 3835 1294 3886 1313-

147 3915 267 3966 iiibrendo
287 3917 389 3966 Strassc
412 3917 469 3966 sind
494 3917 571 3966 durch
596 3904 666 3965 diese
685 3915 804 3966 Gebiiude
828 3917 952 3965 durcbaus
973 3916 1082 3966 verbaut
1100 3917 1148 3966 und
1169 3918 1193 3966 ia
1214 3916 1290 3966 Saok-

146 4013 237 4062 gassen
250 3998 420 4060 vcrwnndelt‚
440 3999 479 4046 ein
494 3995 601 4062 0333313,
621 3999 678 4048 0333
697 4000 740 4048 033
759 3997 853 4047 Forum
872 3998 928 4046 eine
943 3998 1039 4062 dulagc
1050 3997 1175 4064 jiiugeren
1189 3997 1291 4050 Datums

145 4081 181 4130 ist
204 4079 243 4128 als
267 4077 307 4126 die
329 4077 440 4128 anderen
461 4077 551 4130 Theile
574 4079 619 4128 der
638 4081 711 4129 Stadt
736 4079 782 4128 und
809 4082 832 4128 in
856 4079 943 4129 seiner
963 4077 1076 4142 jetzigen
1098 4095 1162 4143 ganz
1183 4079 1291 4132 Vitruvs

145 4158 324 4212 Vorscbristen
350 4159 566 4226 eutsprecbeuden
594 4160 694 4212 Gestuit
720 4161 931 4211 wabrscbeinliob
955 4169 1008 4212 erst
1033 4177 1077 4212 333
1100 4163 1145 4212 der
1164 4161 1222 4212 Zeit
1246 4165 1291 4213 der

145 4243 284 4292 3033133133
305 4241 491 4308 031331333133,
509 4259 583 4293 wenu
603 4245 674 4294 nicht
692 4260 736 4294 nus
756 4243 904 4307 derjenigen
924 4245 988 4294 33313
1007 4245 1061 4294 dem
1079 4243 1213 4296 Erdbeben
1232 4259 1290 4296 vom

145 4325 221 4374 dabre
241 4325 273 4374 63
292 4326 421 4376 stauxut.“

211 4419 244 4482 ⁶⁹)
263 4421 313 4472 Cic.
333 4436 380 4487 3333
400 4421 471 4471 83113
494 4438 515 4471 c.
535 4420 598 4470 XXI
618 4421 658 4472 02.
