3224 5240
771 445 991 508 „30-

310 623 340 682 in
365 623 487 683 modum
511 619 707 701 fastigatum)
729 641 822 702 usque
845 622 878 682 ad
903 613 1021 682 bell'um'
1036 617 1250 700 sociale'quale
1273 619 1360 680 fuerit
1383 619 1454 680 nihil

310 718 373 781 iere
404 721 543 781 traditum
576 721 728 780 babemus.
782 721 831 780 lllo
854 729 952 781 autem
981 729 1123 798 tempore,
1157 739 1224 779 ourn
1248 719 1325 780 Sulla
1357 719 1455 778 ltaliae

311 819 448 897 gentibus
483 819 702 879 inimicissimus
737 811 879 879 existebat
913 825 941 877 et
974 819 1136 896 permultas
1165 818 1290 878 militum
1325 817 1455 878 colonias

309 918 528 990 constituebat,
567 918 652 980 etiam
688 918 919 979 Faesulanorum
958 917 1067 998 oppido
1106 935 1163 976 urm
1207 937 1273 978 oum
1312 915 1456 977 Carseolis

311 1018 452 1078 Aesernia
478 1017 601 1077 Nuceria
625 1018 703 1076 ferro
727 1017 845 1096 ignique
869 1015 1040 1090 vastato¹⁰⁶)
1072 1016 1215 1076 coloniam
1244 1013 1455 1094 impostum).

309 1117 389 1176 Bello
413 1115 580 1176 Catilinario
612 1133 678 1176 cum
714 1116 798 1174 sedes
833 1114 1047 1176 coniurationis
1071 1124 1165 1185 esset,
1201 1113 1314 1174 Mallius
1343 1115 1401 1174 dux
1423 1113 1455 1172 in

310 1233 381 1295 agro
407 1216 567 1277 Faesulano
592 1224 685 1275 castra
711 1215 847 1292 posuisse
871 1213 1076 1282 narratur¹⁰⁸l.
1124 1214 1230 1273 Mirum
1254 1222 1352 1273 autem
1377 1213 1456 1291 quod

312 1333 459 1393 nusquam
484 1333 539 1374 nee
561 1313 654 1374 titulis
677 1331 775 1393 neque
798 1331 927 1374 arerum
945 1313 1137 1398 scriptoribus
1154 1301 1268 1373 colonia
1284 1313 1455 1390 appellatur.

315 1413 445 1474 Omnino
470 1421 501 1472 ut
524 1412 690 1472 Florentiae
714 1412 753 1470 ita
777 1411 966 1472 Faesularum
990 1413 1209 1490 imperatorum·
1228 1419 1321 1471 aetate
1344 1411 1390 1470 rix
1412 1409 1456 1470 bis

307 1521 390 1572 terve
404 1511 515 1572 mentio
531 1511 571 1570 fit.
588 1509 712 1581 Plinius,
728 1509 777 1588 qui
796 1509 827 1570 in
838 1510 924 1570 tertio
938 1511 1075 1571 historiae
1089 1511 1232 1570 naturalis
1247 1509 1322 1568 libro
1336 1509 1456 1586 Augusti

311 1611 550 1671 distributionem
573 1608 670 1668 ltaliae
684 1609 822 1670 undecim
838 1610 993 1686 regionum
1013 1609 1164 1688 amplexus
1177 1629 1224 1668 eas
1240 1618 1356 1668 tantum
1374 1610 1456 1669 colo-

310 1711 374 1772 nias
394 1710 429 1770 ab
449 1711 512 1788 ipso
530 1708 592 1769 solo
610 1717 660 1768 aut
679 1725 817 1768 unacum
836 1709 964 1769 Antonio
977 1709 1148 1788 Lepidoque
1167 1709 1307 1791 deductas
1326 1709 1457 1768 coloniae

312 1811 398 1870 titulo
412 1807 535 1876 ornavit,
548 1807 675 1886 reliquas
688 1815 755 1866 ante
768 1807 931 1884 Augustum
946 1808 1085 1868 deductas
1099 1807 1205 1886 oppida
1221 1809 1353 1886 appellat,
1368 1807 1455 1867 etiam

311 1909 444 1968 colonias
463 1907 597 1967 Sullanas
616 1906 677 1966 solo
700 1907 822 1966 nomine
842 1907 976 1985 apposito
996 1915 1159 1966 enumerat.
1190 1907 1258 1966 lude
1275 1907 1364 1984 igitur
1376 1907 1454 1986 quod

311 2007 424 2068 Plinius
438 2015 515 2066 tacet
529 2005 659 2064 Faesulis
673 2006 800 2083 posteris
818 2006 999 2084 temporibus
1018 2006 1163 2066 coloniam
1184 2023 1242 2064 nou
1256 2024 1321 2066 esse
1332 2025 1455 2068 renova-

309 2115 369 2167 tam
384 2105 572 2166 elliciendum
587 2114 632 2164 est
642 2103 702 2183 1⁰⁹).
730 2105 770 2164 tc
788 2123 849 2164 rem
868 2105 1022 2165 obscuram
1036 2105 1239 2166 illustrandam
1253 2123 1314 2166 non
1330 2106 1454 2165 multum

309 2206 430 2285 prodest
452 2203 606 2282 inscriptio
623 2203 723 2263 Ostiae
746 2204 879 2282 proxime
902 2205 1028 2276 inventa,
1053 2223 1109 2283 qua
1133 2206 1166 2278 Q.
1184 2204 1340 2265 Petronius
1357 2205 1458 2264 Melior

309 2314 429 2365 vocatur
456 2303 508 2362 llll
538 2302 581 2361 vir
604 2321 652 2380 qq.
677 2302 824 2372 Faesulis
854 2305 985 2381 pontifex
1011 2304 1139 2365 Faesulis
1170 2315 1198 2366 et
1221 2304 1456 2384 Florentiaelll).

310 2403 425 2475 Quibus
449 2410 548 2462 autem
570 2400 759 2480 temporibus
782 2401 830 2461 ille
851 2403 992 2478 lloruerit,
1008 2405 1083 2464 haud
1101 2405 1217 2465 difficile
1234 2412 1278 2464 est
1293 2412 1455 2484 corripertu.

310 2503 421 2564 Noster
452 2502 529 2562 enim
559 2501 732 2571 Petronius,
762 2501 810 2579 qui
841 2512 885 2562 est
916 2503 1019 2564 ordine
1043 2505 1182 2584 equestri,
1207 2514 1288 2583 pater
1311 2505 1376 2563 eius
1401 2503 1457 2562 Pe-

312 2601 402 2662 tronii
427 2599 554 2660 Melioris
577 2599 649 2671 luit,
681 2619 768 2680 quem
794 2611 1008 2664 commemorat
1030 2603 1133 2664 titulus
1157 2603 1204 2663 ille
1226 2603 1301 2682 apud
1327 2603 1455 2662 llenzen.
1515 2612 1519 2619 ’

310 2721 340 2761 n.
364 2699 458 2761 6048.
509 2701 562 2760 llic
590 2711 688 2762 autem
718 2711 778 2762 exat
808 2723 900 2764 censu
929 2705 1078 2764 senatorio
1103 2705 1231 2784 vixitque
1255 2705 1310 2765 sub
1333 2711 1456 2763 aetatem

313 2799 662 2880 severitlexanari¹11).
701 2801 926 2872 Quattuorviros
950 2803 1007 2862 nisi
1031 2803 1061 2862 iu
1087 2803 1263 2883 municipiis,
1289 2803 1459 2864 duumviros

311 2901 370 2960 nisi
393 2900 422 2959 in
447 2901 570 2960 coloniis
588 2919 648 2960 uon
671 2901 793 2980 reperiri
817 2912 929 2962 rectum
955 2902 978 2962 si
1002 2912 1088 2971 esset,
1111 2903 1248 2964 Faesulas
1273 2903 1336 2964 iure
1360 2901 1459 2962 muni-

311 2999 379 3078 cipii
403 2998 494 3058 luisse
517 3001 708 3060 statuendum
732 3009 819 3060 esset.
864 3000 898 3060 m
923 3001 968 3060 lex
990 3001 1212 3080 exceptionibus
1230 3022 1290 3063 non
1308 2999 1468 3079 caret112).

313 3099 411 3159 Nibilo
438 3098 536 3158 minus
560 3117 626 3158 cunr
651 3117 796 3178 nusquam
812 3099 925 3160 colonia
950 3101 1072 3172 dicatur,
1097 3102 1153 3162 boc
1174 3102 1258 3162 titulo
1274 3101 1342 3162 freti
1364 3107 1460 3161 aetate

316 3200 527 3278 imperatorum
552 3198 694 3276 oppidum
719 3199 872 3278 municipii
896 3200 960 3271 iure
983 3201 1073 3262 luisse
1097 3201 1157 3261 veri
1184 3201 1365 3261 simillimum
1397 3199 1458 3260 exi-

314 3297 482 3358 stimamus.
527 3298 578 3358 llis
609 3298 697 3376 igitur
725 3299 865 3377 expositis
894 3301 928 3359 de
960 3300 1113 3379 utriusque
1137 3301 1218 3360 urbis
1242 3299 1460 3361 necessitudine

313 3399 439 3476 agedum
473 3417 661 3477 quaeramus.
712 3397 877 3458 Florentiae
919 3417 933 3458 a
967 3399 1108 3459 Romanis
1146 3399 1256 3460 colonia
1298 3398 1460 3460 constituta

316 3497 457 3559 Faesulae
481 3497 560 3556 brevi
584 3505 718 3576 tempore
742 3497 932 3556 multitudine
955 3495 1119 3558 incolarum
1144 3510 1300 3577 superatae
1324 3497 1461 3557 videntur

310 3598 370 3669 ita,
404 3606 438 3656 ut
468 3595 544 3655 baud
577 3615 682 3674 magno
710 3595 815 3656 fierent
845 3597 976 3656 nomine.
1026 3597 1097 3657 Erat
1125 3599 1203 3656 enim
1233 3599 1395 3667 Florentia,
1432 3595 1461 3655 iu

380 3755 423 3814 101)
443 3751 472 3801 0.
492 3750 608 3800 Mueller.
646 3750 700 3800 lltr.
719 3750 741 3799 12
758 3767 781 3817 p.
802 3752 864 3810 2063
885 3752 979 3803 Dennis
997 3753 1014 3802 l.
1034 3769 1055 3802 c.
1075 3769 1098 3818 p.
1117 3753 1208 3817 439sq.

383 3835 426 3900 100)
445 3831 517 3882 Flori
537 3834 595 3898 epit.
617 3830 653 3882 ed.
674 3832 702 3882 0.
723 3834 795 3882 labn.
815 3849 838 3899 p.
859 3834 899 3897 83,
919 3835 959 3884 28.

315 3949 318 3954 ·
382 3917 426 3976 107)
443 3916 495 3966 Cic.
518 3916 543 3963 in
562 3916 617 3964 Cat.
636 3911 668 3963 Ill
687 3915 710 3977 6,
731 3916 777 3977 143
795 3931 841 3981 pro
861 3915 927 3965 Mur.
948 3916 979 3964 24
998 3915 1065 3980 §tu

382 3997 425 4058 100)
445 3996 498 4046 Cic.
519 3997 543 4044 in
563 3996 617 4046 Cat.
637 3995 667 4044 lll
687 3997 710 4058 6,
733 3998 775 4056 143
796 3999 901 4046 Sallust.
922 3997 977 4046 Cet.
996 3998 1036 4047 24.
1057 3999 1097 4047 27.
1117 3998 1158 4048 30.
1190 4039 1204 4054 .

382 4079 425 4140 100)
448 4076 499 4127 Nec
513 4078 593 4127 lucem
614 4075 664 4126 lert
682 4078 746 4142 quod
766 4078 830 4127 idem
850 4079 914 4128 dicit
933 4077 949 4126 l.
969 4076 1014 4132 Vll
1035 4077 1108 4140 13,oo
1128 4078 1154 4127 C.
1173 4077 1328 4143 crispinium
1347 4077 1462 4130 Hilarum

313 4179 346 4215 ex
366 4163 478 4224 ingenua
496 4161 570 4226 plebe
588 4158 729 4209 Faesulana
748 4176 802 4208 cum
823 4160 910 4208 liberis
930 4161 955 4208 in
976 4159 1104 4223 Capitolio
1123 4158 1234 4210 Romano
1256 4161 1424 4214 sacrificasse.

379 4243 423 4307 110)
444 4239 477 4294 cl.
497 4241 656 4305 Fiorellium,
675 4239 778 4290 Motizie
797 4257 818 4289 a.
842 4241 906 4291 1880
924 4255 947 4306 p.
967 4239 1025 4290 476.

381 4327 423 4388 111)
444 4325 509 4374 Ball.
529 4325 589 4374 inst.
608 4339 630 4374 a.
652 4323 718 4372 1830
737 4339 759 4388 p.
781 4324 836 4374 198.
954 4374 956 4378 ,

379 4408 423 4473 111)
446 4408 559 4458 Momms.
584 4407 658 4458 indie.
684 4421 751 4472 corp.
774 4405 794 4454 l.
819 4403 847 4454 R.
871 4404 902 4456 N.
927 4403 1013 4456 XXV.
1037 4404 1132 4458 xxvi.
1177 4403 1331 4471 Marqusrdt.
1364 4406 1460 4456 enchir.

313 4488 513 4556 vol.lp.479.
1097 4517 1100 4524 ·
1148 4519 1149 4522 =
1225 4515 1230 4525 ·
1324 4513 1326 4520 ·
