3180 5236
746 311 968 376 -38-

786 579 921 634 Verona.

368 689 449 750 lntra
471 704 565 750 annos
587 704 616 765 p.
632 684 700 746 Chr.
718 683 779 746 379
803 692 833 745 et
855 682 916 746 383
940 685 998 746 Val.
1021 683 1166 745 Palladius
1188 683 1351 745 consularis
1374 686 1440 748 Ve-

284 788 381 850 netiae
403 795 432 848 et
454 785 583 848 Histriae
608 791 736 846 statuam
760 802 835 863 quac
863 785 913 846 diu
941 783 973 844 in
1002 782 1144 863 Capitolio
1173 782 1303 844 iacuerat
1329 783 1362 844 in
1384 783 1440 844 fo-

283 906 351 948 rum
368 884 522 948 transferri
538 882 697 957 iussit¹⁴⁰t
741 882 873 944 Malleius
895 881 927 942 in
943 881 1022 943 tituli
1038 890 1209 944 commento
1225 899 1337 942 nomen
1352 881 1440 942 adir-

286 992 349 1046 mat
365 985 499 1065 Capitolii
516 984 604 1046 etiam
620 999 702 1044 nunc
716 982 875 1044 memorari
890 982 922 1042 in
938 983 1142 1060 ,Harmgaiae
1157 981 1279 1044 dntonii
1295 981 1441 1064 Scaligeri

284 1083 495 1165 praeceptoris,
523 1081 637 1143 inedito
671 1081 745 1142 libro
778 1080 813 1142 de
844 1081 995 1142 modernis
1018 1081 1108 1159 gestis
1135 1080 1171 1141 ad
1202 1080 1305 1142 Valerii
1335 1079 1438 1144 imita-

285 1184 398 1246 tionem
422 1182 621 1261 composito.“
665 1179 748 1240 ldcrn
771 1179 853 1240 addit
874 1187 1011 1252 statuam,
1033 1179 1160 1259 quaein
1182 1180 1256 1240 colle
1279 1179 1331 1259 qui
1353 1197 1440 1240 nunc

285 1283 400 1344 dicatur
422 1280 452 1342 S.
476 1278 557 1340 Petri
589 1296 639 1338 arx
663 1277 714 1338 diu
737 1277 868 1349 iacuerit,
901 1297 995 1357 usque
1022 1279 1057 1340 ad
1086 1279 1166 1340 bunc
1193 1279 1271 1340 diem
1300 1281 1438 1340 Veronae

285 1379 481 1462 spectarint
526 1377 602 1438 licce
625 1376 715 1454 igitur
737 1377 862 1438 alterurn
884 1377 1070 1456 exemplum,
1098 1378 1177 1440 sicut
1204 1377 1315 1438 Romae
1345 1377 1436 1439 etiam

285 1482 318 1542 in
342 1475 501 1560 provinciis
525 1484 638 1540 statuas
662 1475 809 1537 clarorum
833 1475 963 1538 virorum
994 1476 1023 1536 in
1054 1476 1196 1556 Capitolio
1226 1477 1299 1556 poni
1328 1477 1433 1538 solere.

286 1577 503 1642 Celeberrimos
526 1582 626 1636 autem
650 1574 702 1654 qui
724 1574 833 1636 dicitur
859 1574 916 1636 tori
947 1575 1030 1638 locus
1057 1576 1135 1638 haud
1164 1575 1252 1638 dubie
1280 1583 1327 1636 est
1354 1575 1437 1637 iuxta

285 1677 416 1740 tribunal
454 1682 483 1735 et
521 1680 634 1746 rostra,
675 1671 725 1733 nbi
759 1673 990 1736 clarissimorum
1029 1674 1160 1736 virorum
1200 1682 1316 1736 statuae
1354 1674 1436 1736 vise-

285 1771 469 1849 bantur¹⁴⁹).
491 1806 533 1816 -
555 1771 696 1851 Regionis
719 1772 851 1834 decimae
872 1773 980 1853 oppida
1003 1792 1027 1834 a.
1051 1793 1081 1834 ιι.
1103 1791 1127 1836 c.
1152 1772 1213 1834 665
1237 1773 1381 1836 Cremona
1406 1781 1436 1834 et

353 2031 399 2095 ¹⁴⁰)
417 2031 443 2082 C.
458 2027 476 2081 l.
490 2029 519 2080 L.
532 2028 554 2082 V
569 2027 635 2078 3332
654 2030 699 2090 (=
712 2028 756 2080 0r.
775 2045 798 2078 n.
812 2030 844 2079 68
862 2051 896 2070 =
914 2027 982 2079 Mad.
1001 2030 1066 2080 Mus.
1085 2031 1146 2084 Ver.
1165 2047 1189 2096 p.
1211 2031 1280 2093 tort:
1307 2030 1433 2081 Hortante

286 2113 449 2166 Beatitudine
472 2109 478 2179 Ι
501 2117 642 2178 temporum
673 2109 729 2161 ddd.
761 2127 819 2161 nnn.
844 2110 848 2176 1
873 2109 992 2162 Gratiani
1020 2111 1198 2163 Valentiniani
1223 2111 1228 2176 Ι
1252 2117 1278 2162 et
1304 2111 1434 2164 Theodosi

286 2196 384 2260 Auggg.
409 2194 413 2260 Ι
438 2201 547 2245 statuam
565 2193 592 2244 in
611 2193 739 2258 Capitolio
764 2191 768 2258 Ι
793 2192 837 2242 diu
860 2192 985 2244 iacentem
1009 2194 1032 2242 in
1057 2193 1061 2258 1
1086 2193 1257 2244 cereberrinro
1280 2191 1331 2243 lori
1351 2192 1356 2258 1
1375 2194 1433 2243 loco

287 2277 412 2330 constitui
427 2275 432 2342 1
447 2276 524 2328 iussit
545 2274 602 2328 Vel.
628 2273 760 2326 Palladius
776 2274 780 2340 Ι
796 2292 821 2326 v.
845 2290 867 2324 e.
890 2290 959 2326 cons.
985 2275 1076 2326 Venet.
1099 2283 1127 2326 et
1144 2275 1210 2326 Hist.
1230 2301 1263 2310 -
1281 2275 1320 2326 Ad
1337 2275 1434 2326 cultura

287 2361 390 2412 deorum
409 2355 611 2425 Capitolinoruna
630 2357 827 2408 confirmandum
839 2365 942 2424 practer
958 2357 1050 2408 titulos
1068 2355 1125 2408 lovi
1143 2373 1165 2407 ο.
1185 2373 1216 2408 ιιι.
1235 2357 1284 2408 soli
1301 2353 1433 2410 dedicatos

286 2440 386 2493 accedit
403 2439 498 2491 titulus
517 2439 543 2490 C.
556 2437 576 2490 Ι.
589 2438 618 2490 L.
632 2437 654 2490 V
669 2439 743 2504 3242,
769 2455 817 2504 quo
835 2445 890 2490 tres
914 2439 957 2488 dei
975 2447 1209 2490 commemorantur.

356 2536 399 2600 ¹⁴¹)
419 2534 513 2585 Eodem
532 2533 640 2600 respicit
658 2533 815 2600 Polycarpns
834 2533 968 2597 Falernus,
987 2533 1029 2600 qui
1048 2535 1078 2583 de
1098 2521 1205 2585 veraC.
1225 2531 1305 2584 Plinii
1324 2534 1434 2586 Secundi

288 2619 372 2686 patria
391 2625 466 2683 atque
486 2631 515 2666 ca
535 2613 637 2667 Verona
655 2615 749 2665 librum
768 2615 874 2682 scripsit
892 2613 940 2682 (ap.
961 2614 1100 2667 Graevinm
1119 2613 1194 2666 Tbes.
1212 2616 1308 2682 antiqq.
1327 2623 1354 2665 et
1371 2615 1433 2666 laist.

285 2700 342 2752 ltal.
364 2695 528 2750 tom.XXlX
545 2695 626 2760 552).
660 2697 730 2747 Dicit
747 2696 826 2747 enirn:
845 2695 1007 2762 Capitolii
1025 2711 1123 2764 porro
1143 2699 1249 2748 nestri
1263 2697 1434 2763 talisapnd

286 2799 342 2834 nos
360 2779 541 2846 inscriptio
560 2779 659 2829 adhuc
676 2778 804 2830 visitur
827 2779 972 2844 eaquein
991 2779 1060 2844 ipso
1079 2777 1298 2846 maisnilum,
1322 2795 1383 2829 nen
1401 2779 1433 2830 in

286 2864 400 2930 aliquo
419 2861 563 2912 editiore
582 2860 679 2911 urbis
697 2861 783 2923 leco,
805 2859 860 2910 abi
885 2860 959 2910 alirn
979 2860 1143 2926 Capitolia
1167 2863 1433 2924 exstruebantur,

287 2944 424 2996 effossa.
462 2943 584 2995 Pluribus
597 2942 715 2992 Madeins
733 2942 798 2992 licet
815 2941 894 2992 bonae
912 2939 995 3006 fragis
1013 2942 1079 2992 nibil
1091 2943 1232 2993 contulerit
1249 2943 1392 3010 disputavit
1403 2931 1451 2999 des

287 3027 415 3093 Capitolio
434 3026 503 3077 libro
523 3040 593 3091 quens
612 3023 642 3073 de
661 3024 764 3077 Verona
782 3023 914 3074 illustrata
932 3038 955 3074 a.
976 3023 1041 3074 1732
1059 3023 1177 3076 Veronae
1192 3024 1278 3074 emisit
1296 3041 1320 3090 p.
1336 3024 1387 3074 230
1397 3041 1433 3090 sq.

354 3121 398 3184 ¹⁴²)
417 3119 449 3171 ci.
469 3121 510 3171 tit.
530 3117 672 3170 Alexandr.
692 3118 718 3169 C.
733 3117 875 3181 l.L.1111,
891 3119 922 3168 19
940 3126 967 3170 ct
984 3117 1104 3169 Rusicad.
1123 3133 1162 3184 ap.
1181 3117 1285 3168 Henicr.
1301 3128 1339 3171 n⁰.
1353 3119 1434 3182 21693

286 3204 346 3255 vide
366 3202 466 3252 omnine
485 3201 514 3250 H.
532 3198 632 3250 lordan.
652 3199 747 3264 epham.
768 3199 847 3266 epigr.
871 3201 923 3249 vol.
943 3197 973 3250 lll
998 3215 1022 3265 p.
1037 3199 1099 3250 255:
1128 3214 1163 3250 ac
1186 3199 1433 3266 municipiorum

287 3285 410 3351 quidem
429 3281 696 3346 coloniarumque
723 3281 753 3330 in
777 3281 980 3331 exornandis
1008 3279 1088 3331 loris
1115 3295 1149 3331 ca
1173 3279 1237 3331 tuit
1260 3283 1433 3333 aemulatio

286 3366 389 3430 urbia,
414 3363 470 3413 vix
488 3370 525 3414 ut
542 3363 641 3413 ullum
661 3379 766 3414 eorum
785 3362 911 3412 rostris
929 3361 1199 3412 tribunalibusve
1218 3363 1254 3413 ad
1274 3364 1433 3430 exemplar

288 3453 468 3497 rostrorum
486 3444 554 3497 lori
573 3445 707 3497 Romani
725 3444 826 3496 factis
851 3445 1000 3496 carnisse
1024 3445 1189 3496 videatur.
1223 3442 1311 3511 ltaque
1329 3445 1434 3512 Nipper-

288 3528 354 3591 deio‚
376 3527 418 3592 qui
436 3527 521 3579 Taciti
540 3530 619 3581 verba
639 3532 708 3592 (ann.
727 3527 760 3580 lV
781 3527 823 3589 62)
842 3527 997 3593 ultroque
1021 3527 1238 3578 struebantur
1262 3527 1314 3593 qai
1332 3543 1433 3577 mone-

287 3617 362 3662 rent
379 3609 560 3676 perfugere
585 3611 621 3660 ad
640 3609 831 3660 Germaniae
855 3609 1022 3660 exercitur
1049 3611 1102 3661 val
1126 3609 1345 3661 celeberrimo
1368 3607 1433 3659 lori

287 3689 433 3756 elligienr
452 3693 520 3744 divi
538 3691 681 3755 Augusti
700 3690 855 3756 amplecti
874 3691 953 3743 verbo
971 3697 1115 3758 ternpore
1140 3694 1256 3759 suppleto
1280 3693 1434 3758 interpreta-

287 3783 330 3826 tur
348 3774 400 3825 sic:
421 3775 491 3839 „an
505 3773 566 3825 Zait
585 3787 624 3822 we
643 3773 688 3823 das
706 3772 800 3822 Forum
819 3787 859 3823 arn
877 3772 1057 3824 basaclrtesteu
1076 3773 1140 3838 sai“,
1158 3781 1187 3825 nt
1204 3774 1375 3825 assentiamur
1392 3775 1434 3824 ad·

287 3858 346 3908 duci
364 3873 413 3907 nen
432 3872 573 3922 possumus.
609 3855 645 3906 At
664 3861 754 3907 contra
772 3855 844 3906 loco
870 3855 1018 3922 supplentes
1040 3854 1092 3906 ieri
1114 3857 1199 3908 lecum
1221 3857 1329 3906 medium
1351 3857 1433 3907 triba·

287 3940 341 3990 nali
361 3939 504 4003 rostrisque
524 3937 698 4002 conspicuum,
721 3938 764 4004 qai
787 3937 859 4003 quasi
883 3937 950 3987 artis
968 3938 1094 3988 vocabule
1119 3939 1303 3990 celeberrimus
1326 3939 1433 4004 dicatur,

288 4037 346 4071 cum
365 4020 504 4084 insignium
521 4020 616 4070 statuis
634 4020 749 4071 virorum
768 4017 955 4070 refertissimus
973 4026 1051 4084 esset,
1070 4020 1265 4084 intelligendum
1278 4035 1335 4070 esse
1348 4035 1433 4071 censa·

286 4119 355 4166 maa3
375 4102 407 4153 el.
426 4102 492 4152 Plin.
510 4103 535 4152 b.
555 4118 578 4152 ιι.
596 4100 747 4155 XXXthl
774 4108 911 4166 excepta
939 4101 1053 4153 deinde
1080 4117 1133 4153 res
1160 4110 1210 4153 est
1233 4119 1247 4153 a
1270 4111 1340 4154 tote
1363 4106 1432 4156 orba

287 4192 449 4236 terrarum
467 4184 699 4234 humanissima
717 4183 901 4234 ambitione.
939 4184 978 4234 Et
1001 4185 1060 4235 iam
1085 4185 1218 4236 emnium
1240 4187 1433 4254 municipio·

288 4282 353 4316 run
371 4265 455 4316 loris
474 4271 599 4316 statuae
619 4271 837 4316 ornamentum
856 4279 929 4316 csse
948 4281 1096 4333 coepere,
1116 4269 1433 4335 prorogationem-

288 4348 387 4399 moria
413 4347 584 4410 bominum,
612 4355 643 4398 et
673 4347 815 4397 bonores
847 4347 983 4412 legendi
1014 4364 1094 4400 aevo
1123 4348 1252 4400 basibus
1275 4349 1433 4416 inscribi,
