3180 5236
766 423 988 484 ..12-

305 601 498 664 relationibus
528 600 670 681 exemplis
698 619 760 662 rem
784 599 854 662 item
878 619 910 662 se
933 599 1042 663 habere
1065 601 1089 663 si
1116 619 1177 662 non
1201 608 1314 664 certum
1338 608 1369 662 at
1392 601 1465 663 reri

306 702 404 764 simile
427 721 490 762 esse
513 701 687 782 putaverim.

391 801 516 862 Exstant
538 809 637 861 autem
661 806 777 879 praeter
801 817 833 860 ea
858 817 932 878 quae
956 799 1045 861 modo
1069 799 1128 862 dixi
1144 807 1277 861 actorum
1294 799 1347 861 SS.
1364 801 1460 862 testi·

306 899 416 963 moniis
466 897 607 978 Capitolia
658 897 768 958 Nolae
817 896 981 959 noellini
1015 899 1216 960 Ravennae
1259 899 1462 978 Aquileiae

305 999 454 1062 Brixiae
476 997 649 1059 Nemausi
672 997 796 1057 llemis
819 995 993 1058 Treveris
1011 997 1460 1080 Augustaellindelicum

306 1100 508 1161 Caesareae
531 1097 567 1157 in
591 1095 831 1178 Cappadocia.

303 1225 306 1230 ·
374 1197 451 1258 ‘lam
476 1203 612 1275 superest
639 1203 672 1256 ut
695 1195 731 1256 de
756 1196 861 1276 quinto
884 1196 1012 1257 fontium
1036 1215 1145 1274 genere
1175 1215 1266 1276 pauca
1298 1198 1384 1260 rerba
1407 1199 1461 1260 la-

304 1297 428 1358 niamus.
468 1295 603 1374 Antiqua
627 1295 704 1355 enirn
728 1295 872 1372 religione
887 1295 1031 1357 exstincta
1047 1313 1114 1356 cum
1130 1297 1239 1375 templa
1256 1297 1352 1358 autin
1368 1315 1459 1358 conr·

305 1414 428 1458 munem
454 1413 540 1455 usum
570 1401 620 1454 aut
646 1394 676 1454 in
707 1394 843 1455 ecclesias
872 1413 1012 1455 conversa
1042 1403 1152 1468 essent,
1180 1395 1316 1474 Capitolii
1339 1413 1458 1458 nomen

306 1497 381 1558 adeo
404 1495 436 1556 in
458 1495 558 1571 lingua
582 1493 694 1572 vulgari
718 1493 808 1572 viguit
831 1501 860 1554 et
882 1495 917 1554 ad
941 1494 1003 1554 loca
1027 1494 1146 1572 antiqua
1170 1493 1311 1568 adhaesit,
1336 1503 1368 1556 ut
1390 1513 1457 1556 non

307 1596 402 1658 solum
436 1595 525 1656 medii
559 1595 620 1654 aevi
655 1594 840 1672 emptionum
875 1595 1131 1674 sponsionumque
1165 1593 1373 1656 instrumentis
1401 1607 1458 1658 aut

304 1694 462 1754 annalibus
492 1699 745 1753 commemoretur
779 1693 830 1752 sed
866 1693 1038 1752 etiamnunc
1071 1693 1106 1753 ad
1142 1693 1278 1754 ecclesias
1310 1695 1456 1773 quasdam

306 1801 423 1854 sanotae
447 1791 553 1854 lllariae
576 1792 781 1871 significandas
808 1792 838 1852 in
868 1810 925 1852 usu
948 1791 996 1853 sit.
1041 1792 1150 1853 Romae
1179 1793 1258 1854 enim
1290 1793 1319 1854 S.
1343 1794 1456 1855 lllariae

306 1891 428 1952 ecclesia
452 1911 527 1971 quae
550 1909 631 1952 nunc
655 1891 762 1952 dicitur
785 1891 814 1952 in
839 1910 888 1953 ara
912 1891 982 1952 caeli
995 1891 1062 1952 inde
1078 1891 1114 1952 ab
1130 1893 1246 1952 saeculo
1262 1911 1341 1952 nono
1358 1911 1456 1973 usque

306 1993 341 2052 ad
371 1991 519 2052 decimum
549 1991 670 2052 tertium
702 2011 723 2052 s.
753 1990 841 2052 Maria
871 1992 902 2052 in
931 1991 1072 2070 Capitolio
1100 1991 1309 2070 dicebaturlll.
1369 1993 1454 2067 Quae

307 2109 487 2170 quamquam
512 2108 573 2151 non
596 2091 652 2151 fuit
675 2089 738 2151 loeo
763 2090 897 2170 Capitolii
920 2091 971 2150 sed
988 2091 1073 2157 arcis,
1097 2091 1232 2170 Capitolii
1248 2109 1358 2154 nomen
1382 2111 1452 2154 cunr

305 2197 386 2250 totus
411 2207 497 2250 mons
520 2175 581 2250 non
604 2208 672 2250 raro
695 2189 734 2250 ita
758 2189 971 2267 significaretur
986 2198 1065 2251 recte
1080 2191 1215 2252 servavit.
1260 2190 1325 2251 Non
1351 2191 1453 2253 minus

305 2289 396 2366 igitur
418 2296 495 2350 certa
524 2289 638 2350 ratione
672 2288 749 2349 idem
770 2289 816 2372 de
845 2287 974 2349 ecclesiis
1002 2308 1026 2349 s.
1049 2288 1156 2350 lllariae
1184 2309 1259 2369 quae
1289 2299 1361 2353 sunt
1383 2291 1452 2353 Flo-

306 2387 417 2448 rentiae
441 2385 470 2448 et
494 2388 631 2449 Coloniae
654 2387 804 2467 Agrippin.
829 2396 1004 2448 statuemus.
1050 2387 1124 2448 Cum
1149 2389 1229 2449 enirn
1258 2391 1336 2470 quod
1361 2391 1450 2469 sciam

305 2486 374 2546 inde
406 2505 421 2546 a
451 2487 566 2546 saeculo
591 2486 749 2546 undecimo
774 2486 924 2564 usquead
948 2485 1128 2546 huncdiem
1153 2505 1317 2566 cognomen
1340 2491 1372 2550 in
1395 2491 1450 2552 Ca-

307 2585 410 2665 pitolio
434 2601 503 2662 prae
526 2603 558 2644 se
580 2585 684 2655 feram,
707 2587 802 2644 lacere
827 2603 886 2644 non
903 2603 1062 2662 possumus
1078 2586 1150 2664 quin
1167 2605 1278 2648 nornen
1296 2589 1450 2670 antiquum

307 2683 433 2762 viguisse
459 2701 558 2762 neque
589 2703 623 2743 eo
647 2683 710 2762 ipso
733 2693 867 2763 tempore
889 2684 967 2744 illam
998 2683 1243 2764 significationem
1267 2697 1362 2750 ortam
1386 2709 1451 2751 esse

308 2781 520 2843 existimemus.
565 2782 667 2860 Neque
696 2781 786 2855 euim,
814 2783 892 2862 qood
924 2792 992 2844 ante
1020 2784 1049 2844 id
1079 2793 1196 2864 tempus
1225 2804 1286 2846 non
1308 2789 1449 2851 habemus

306 2881 393 2942 istius
418 2881 496 2941 nrodi
520 2881 700 2953 testimonia,
722 2881 793 2941 illud
817 2899 982 2960 cognomen
998 2883 1062 2943 eius
1078 2883 1139 2944 aevi
1156 2903 1172 2944 a
1188 2887 1340 2948 monachis
1356 2889 1449 2950 doctis

306 2980 463 3041 inventum
487 3000 551 3042 esse
575 3001 633 3060 quo
658 2981 798 3042 maiorem
815 2982 1018 3043 auctoritatem
1036 2983 1167 3045 ecclesiis
1188 2983 1354 3048 tribuerent
1370 2997 1448 3049 certo

307 3079 462 3158 quisquam
486 3079 705 3159 probaveritlll.

375 3255 405 3315 ¹⁵)
426 3255 465 3305 vd.
486 3254 514 3304 Η,
535 3253 639 3302 Jordan.
655 3251 764 3318 'lapago
783 3252 852 3302 Rom.
872 3253 923 3304 vol.
941 3253 971 3318 ll,
991 3271 1013 3320 p.
1033 3257 1095 3321 366;
1115 3256 1161 3321 12,
1181 3274 1204 3324 p.
1225 3257 1273 3308 112
1286 3287 1319 3296 —-
1332 3275 1353 3311 e.
1367 3276 1390 3324 g.
1408 3261 1448 3313 lric

306 3337 383 3386 all'ero
403 3338 515 3386 chartam
534 3336 593 3385 anui
615 3336 724 3392 naama
743 3335 807 3402 opud
821 3335 948 3386 Pcrtziunr
968 3337 1034 3388 Mon.
1049 3338 1103 3393 Vlll
1122 3356 1144 3406 p.
1159 3341 1217 3404 501,
1232 3343 1259 3390 5:
1278 3341 1388 3393 loannes
1400 3342 1448 3394 llo-

306 3435 394 3470 manus
408 3419 449 3484 qui
463 3417 548 3468 fuerat
561 3418 695 3467 monachus
707 3456 712 3467 .
724 3455 729 3466 .
742 3455 746 3465 .
761 3425 787 3467 et
800 3425 857 3483 post
870 3417 946 3468 abbas
959 3424 1050 3470 sancte
1060 3420 1142 3471 Mario
1155 3422 1181 3471 iu
1194 3421 1320 3488 Capitolio
1331 3423 1446 3477 Romano.

374 3501 407 3562 1ὓ)
434 3499 538 3549 Maximi
563 3505 632 3548 esset
656 3499 787 3562 momenti,
815 3500 838 3548 si
862 3501 918 3564 quis
937 3503 1082 3553 accuratius
1101 3518 1163 3569 quae
1181 3519 1229 3568 qua
1246 3512 1331 3555 aetate
1349 3508 1447 3573 antiqua

306 3583 398 3648 templa
412 3583 437 3630 in
451 3581 574 3632 eeclesias
588 3588 802 3631 converterentur
816 3582 1000 3646 quaesivisset;
1020 3601 1201 3650 saepenumero
1214 3587 1280 3636 eninr
1294 3590 1447 3641 occurrimus

305 3665 340 3716 iis
359 3665 401 3729 qui
419 3681 466 3712 uno
486 3671 610 3728 tamquam
630 3664 684 3713 ictu
701 3663 851 3728 religionem
875 3665 1003 3730 antiquam
1022 3667 1148 3716 sublatam
1167 3669 1310 3734 templaque
1329 3671 1447 3724 ecclesias

305 3745 372 3797 lacta
392 3761 449 3796 esse
467 3752 595 3795 censeant.
632 3745 704 3810 Quod
722 3747 781 3796 inde
800 3763 814 3796 a
833 3748 935 3797 saeculo
954 3755 1029 3798 sexto
1048 3747 1105 3800 lieri
1123 3749 1229 3800 solitura
1247 3753 1373 3818 concedo,
1391 3761 1446 3804 ante

305 3829 371 3878 illud
395 3835 493 3892 tempus
512 3826 613 3892 saepius
637 3825 732 3877 factum
751 3843 822 3891 nego.
867 3828 967 3880 Primae
986 3830 1083 3895 quidem
1103 3831 1228 3882 ecclesiae
1247 3833 1313 3883 baud
1332 3836 1446 3886 dublein

305 3907 473 3959 fundamentis
487 3909 638 3974 templorum
649 3925 697 3959 nou
708 3911 864 3962 constitutae
875 3920 941 3962 sunt.
962 3911 1115 3978 Quamquam
1126 3915 1191 3964 eninr
1203 3915 1295 3978 religio
1307 3915 1446 3969 Christiana

304 3992 404 4058 publica
425 3989 491 4040 lacta
511 3999 567 4041 erat
592 3991 650 4042 inde
675 3993 874 4044 aConstantino
898 4001 1028 4058 regnante,
1051 4002 1135 4045 tamen
1158 4011 1236 4063 usque
1260 3998 1291 4047 ad
1312 3995 1446 4051 Theodosii

304 4074 387 4138 magui
406 4080 524 4136 aetatem,
543 4073 559 4123 i.
573 4089 594 4124 c.
609 4075 638 4125 ad
657 4091 680 4125 a.
693 4075 742 4125 379
761 4076 863 4140 antiqua
882 4077 975 4142 templa
994 4077 1050 4141 plus
1071 4077 1153 4128 minus
1169 4086 1273 4131 servata
1286 4089 1353 4132 sunt.
1382 4081 1445 4148 Quae

304 4157 385 4223 priora
408 4155 591 4206 claudebantur
614 4157 707 4224 templa
734 4157 759 4208 io
784 4158 884 4222 oriente
911 4159 1004 4223 partim
1033 4166 1137 4224 propter
1160 4161 1244 4212 cultus
1270 4164 1445 4229 turpitudinem

304 4238 406 4288 sublata
437 4239 529 4304 partim
560 4255 574 4288 a
606 4239 759 4290 Christianis
794 4240 925 4290 destructa
957 4249 1024 4291 sunt.
1069 4242 1128 4292 Corn
1152 4251 1235 4294 autern
1263 4247 1355 4311 templa
1380 4247 1445 4298 adire

258 4321 259 4324 ’
304 4329 330 4371 et
356 4319 503 4370 saerilioare
529 4321 620 4387 pagani
643 4328 807 4384 vetarentur,
826 4322 926 4386 templa
953 4322 1007 4388 ipsa
1035 4338 1065 4372 ne
1089 4324 1239 4376 delerentur
1265 4327 1384 4392 decretis¹
1402 4330 1442 4379 iru-

303 4410 449 4469 peratorum
468 4403 606 4455 identidem
627 4411 727 4454 cautum
746 4411 793 4467 est,
813 4403 844 4454 cl.
863 4405 917 4454 cod.
938 4403 1034 4456 Tbeod.
1054 4405 1116 4457 XVl
1138 4408 1176 4470 lll,
1198 4409 1244 4469 153
1266 4410 1303 4460 18.
1335 4413 1406 4462 Anno
1422 4429 1443 4478 p.

303 4483 363 4538 Chr.
382 4486 430 4535 408
454 4487 579 4537 Arcadius
602 4487 729 4537 Honorius
756 4487 914 4538 Theodosius
941 4488 997 4552 lege
1025 4497 1168 4540 sanxerunt
1193 4497 1222 4540 ut
1247 4492 1364 4555 aedilicia
1392 4495 1441 4561 ipsa
