3180 5236
725 417 763 424 -
813 378 944 440 Q.-

259 571 326 614 rum
350 552 524 630 dignoscere
546 553 583 613 ab
605 553 746 614 Italorum
770 554 910 632 religione
925 564 970 616 est
985 556 1210 616 alienissimum.
1257 555 1299 615 llii
1314 556 1409 627 enirn,

259 671 441 731 quamquam
476 671 546 713 sexu
582 661 652 714 sunt
686 653 794 714 diversi
828 665 858 714 et
892 672 991 716 mares
1024 675 1092 716 cum
1121 654 1241 716 feminis
1271 654 1410 732 coniugia

258 751 373 820 ineunt,
402 759 503 810 tamen
525 769 644 832 semper
666 759 738 812 sunt
761 744 826 812 orbi
849 771 947 832 neque
970 771 1102 832 unquam
1134 755 1258 814 deornm
1282 753 1368 812 liberi
1387 771 1408 812 a

258 848 432 929 parentibus
455 849 728 925 secernuntur³¹²).
772 850 901 912 Minerva
924 861 1020 912 autem
1045 871 1114 912 curn
1137 851 1205 912 love
1231 858 1261 912 et
1288 850 1411 910 lunone

217 970 220 978 ’
259 948 300 1008 ita
328 949 485 1009 coniuncta
514 960 568 1018 cst,
603 967 705 1009 eorrrrn
736 958 769 1009 nt
797 949 856 1010 tilia
883 948 992 1024 sitm).
1027 951 1100 1010 Hoc
1122 951 1313 1018 Graecorum,
1343 965 1411 1010 uon

155 1065 158 1073 ’
258 1047 460 1108 Romanorum
483 1067 566 1108 more
588 1049 697 1108 factum
722 1067 789 1108 esse
817 1049 883 1127 quis
906 1047 1104 1110 initiabitur?
1149 1048 1269 1110 Accedit
1294 1047 1408 1125 gravis-

257 1146 368 1205 simum
392 1155 613 1225 argumentum,
643 1147 722 1224 qnod
754 1147 878 1206 deornm
901 1147 1010 1206 triades
1033 1147 1228 1215 Graecorum,
1257 1163 1318 1206 non
1341 1144 1409 1204 Re-

258 1262 414 1305 manurnm
437 1243 579 1316 snnt³¹⁴l.
623 1245 665 1303 dd
691 1253 824 1305 nostram
849 1245 972 1305 triadem
996 1245 1075 1324 quod
1100 1244 1214 1316 attinet,
1244 1242 1343 1304 nescio
1367 1261 1410 1304 an

257 1361 326 1402 casn
348 1344 460 1404 iactum
483 1343 537 1414 sit,
570 1353 602 1402 ut
625 1361 718 1404 unum
742 1351 858 1402 tanturn
883 1344 1051 1422 exemplum
1081 1342 1110 1402 iu
1132 1341 1252 1402 Graecia
1275 1341 1410 1418 reperire

256 1439 477 1519 possimns³¹⁶t
523 1427 608 1519 dpud
631 1441 720 1502 ltalos
742 1451 841 1501 autem
865 1459 903 1502 ue
928 1458 1020 1500 aruum
1038 1441 1159 1520 quidem
1183 1448 1278 1502 exstat
1300 1439 1407 1500 triadis

325 1630 464 1704 ⁸¹²)lleete
483 1632 563 1692 igitur
582 1631 722 1692 l'rellerns‚
741 1631 849 1697 Mythol.
868 1630 939 1682 Rem.
958 1631 985 1682 1³
1004 1647 1027 1697 p.
1042 1632 1088 1681 55:
1112 1631 1201 1694 „Aneh
1224 1631 1313 1682 lamen
1332 1630 1408 1679 diese

257 1709 349 1762 Giitter
368 1712 395 1760 in
415 1713 461 1761 den
481 1713 579 1762 dlterco
600 1713 741 1762 riimisehen
766 1712 879 1764 Gebeten
908 1729 978 1762 zwar
1000 1713 1038 1761 als
1064 1713 1206 1778 paarweise
1230 1713 1279 1760 und
1303 1711 1408 1762 ebelieh

256 1792 418 1842 verbundene
438 1809 547 1844 nor...
567 1794 630 1842 doeh
649 1794 706 1843 sind
725 1794 797 1844 diese
817 1793 886 1843 Eheu
911 1795 934 1842 in
954 1795 1001 1842 den
1026 1795 1134 1844 meisteu
1162 1793 1251 1842 Fiillen
1272 1791 1407 1842 kinderlos

255 1874 305 1922 und
325 1874 441 1924 vollends
460 1875 525 1924 fehlt
543 1891 570 1924 es
590 1875 636 1924 der
654 1875 833 1925 italienischen
853 1875 1014 1940 Mythologie
1033 1875 1151 1939 giinalich
1169 1891 1200 1924 au
1219 1875 1272 1924 dem
1285 1874 1347 1924 Siuu
1361 1872 1408 1923 fiir

255 1956 297 2004 eiu
316 1957 417 2005 solebas
436 1955 551 2021 Priuzip,
570 1957 619 2005 wie
638 1957 664 2006 in
683 1957 730 2006 der
749 1957 925 2020 griechischen
944 1957 990 2006 der
1008 1957 1163 2018 allgemeiue
1175 1954 1406 2018 Liebesgottllros

254 2037 343 2097 nirlrt,
362 2037 442 2087 durch
461 2038 571 2086 welches
591 2038 632 2086 die
652 2037 745 2087 Gb'tter
770 2044 847 2086 unter
865 2037 921 2086 sich
946 2037 995 2086 uud
1021 2053 1054 2086 zu
1076 2037 1123 2086 den
1143 2035 1280 2086 Mensoheu
1300 2036 1326 2084 in
1344 2036 1406 2086 eine

255 2118 389 2180 lebendige
409 2118 674 2180 Weebselbeziehnug
703 2119 745 2167 des
774 2117 942 2168 Geschlechts
967 2125 1067 2180 gesetzt
1090 2119 1195 2168 werden
1218 2119 1269 2166 und
1292 2117 1408 2166 dadureh

255 2199 295 2250 die
315 2198 406 2264 Quelle
429 2202 475 2250 der
497 2200 710 2264 genealogiseben
736 2201 864 2263 Diebtung
892 2199 1003 2250 erdllnet
1029 2199 1101 2248 wird.
1140 2199 1271 2248 Vielmebr
1298 2199 1406 2248 worden

255 2281 297 2330 die
316 2282 455 2332 italisehen
479 2281 572 2332 Gtitter
596 2282 734 2345 inegernein
758 2282 797 2332 uls
821 2281 903 2332 ther
925 2281 975 2329 und
1000 2280 1095 2330 hliitter
1118 2279 1252 2344 gedacht“.
1288 2277 1326 2330 Cf.
1344 2281 1408 2330 Aru-

255 2363 346 2412 brosch
364 2363 382 2412 l.
402 2379 423 2412 e.
443 2379 466 2428 p.
485 2365 533 2424 643
553 2363 709 2428 Marquardt‚
728 2361 829 2411 linchir.
851 2360 883 2410 ΙΙΙ
902 2378 925 2426 p.
939 2361 963 2410 6.

322 2445 365 2508 ⁸¹⁸)
385 2443 423 2494 lta
442 2447 520 2495 etiam
539 2445 636 2494 iudicat
654 2445 823 2507 Augustinus,
841 2443 877 2492 lle
896 2442 946 2491 cir.
966 2443 1013 2492 Dei
1031 2441 1065 2493 IV
1086 2443 1128 2492 10:
1148 2443 1242 2506 „simul
1261 2442 1407 2500 enimcum

253 2528 293 2578 his
312 2527 337 2576 in
358 2526 487 2590 Capitolio
507 2526 647 2576 constituta
665 2533 705 2575 est
723 2523 871 2589 (Minerva),
891 2539 948 2574 eum
966 2525 1017 2574 iste
1035 2524 1089 2574 ntia
1108 2540 1158 2586 nun
1176 2523 1213 2574 sit
1231 2523 1386 2576 amborum“.

322 2607 367 2672 ⁸¹⁴)
385 2607 489 2656 Jordan.
508 2607 534 2655 in
553 2605 664 2656 Prelleri
683 2605 764 2672 Myth.
785 2605 809 2654 Ι8
832 2622 855 2671 p.
874 2605 906 2656 65
929 2605 987 2654 adn.
1023 2604 1099 2654 'Prius
1121 2605 1225 2654 Cereris
1250 2605 1338 2656 Liberi
1361 2605 1407 2654 ti-

254 2690 331 2739 herae
351 2703 383 2738 ex
403 2687 493 2737 Sicilia
514 2695 559 2737 unt
577 2687 668 2752 Magna
688 2685 795 2737 Graecia
815 2685 918 2736 Romam
938 2687 1029 2752 primis
1047 2687 1087 2735 rei
1100 2685 1216 2751 publicae
1229 2687 1326 2735 liberae
1338 2693 1405 2736 tem·

254 2771 359 2838 poribus
378 2770 504 2820 translata
523 2778 570 2831 est,
590 2768 621 2819 cf.
642 2769 694 2819 Cic.
716 2785 759 2834 pro
778 2769 857 2818 Balbo
876 2785 931 2834 cap.
952 2769 998 2831 243
1017 2767 1128 2830 Nitseh,
1146 2767 1192 2817 Die
1211 2767 1337 2818 rb'mische
1352 2767 1407 2818 Au·

254 2853 362 2904 nulistilr
383 2869 404 2918 p.
424 2851 572 2912 tue-2163
603 2849 760 2915 Marqnurdt.
786 2849 889 2900 Euchir.
909 2848 940 2899 lll
959 2851 1016 2899 347.
1053 2851 1115 2900 Cum
1138 2865 1171 2899 ex
1195 2850 1351 2899 auctoritate
1371 2851 1407 2900 li-

254 2935 357 2984 brorum
381 2934 569 2999 Sibyllinorum
587 2948 609 2980 a.
630 2949 652 2980 u.
672 2948 694 2980 e.
720 2931 769 2980 355
788 2931 978 2980 lectisternium
1001 2932 1088 2992 lieret,
1118 2931 1227 2996 primum
1254 2931 1407 2982 obtinebant

253 3018 336 3067 locum
354 3016 446 3080 Apollo
467 3015 566 3064 Latona
590 3013 669 3062 Diana
688 3011 719 3062 cf.
742 3012 800 3062 Liv.
821 3013 840 3061 V
864 3013 945 3076 13,e;
970 3013 1120 3076 Marqnardt
1137 3015 1154 3062 l.
1174 3031 1195 3064 c.
1214 3013 1246 3064 Ill
1265 3013 1323 3064 345.
1359 3013 1405 3062 Si-

254 3099 353 3149 militer
372 3098 456 3148 llades
475 3097 594 3146 Demeter
613 3095 785 3160 Persephone,
809 3095 899 3160 quibus
924 3097 1010 3146 eedem
1033 3097 1064 3146 de
1086 3111 1166 3146 cansa
1188 3095 1289 3162 piacula
1312 3094 1405 3144 offere-

253 3181 346 3230 bantur
364 3178 397 3230 ef.
415 3178 538 3241 Phlegon.
566 3177 656 3226 mirab.
679 3178 724 3237 103
752 3175 884 3240 buosen,
903 3179 966 3228 Aen.
985 3175 995 3226 l
1014 3178 1077 3240 2673
1104 3177 1262 3242 Marqnardt.
1289 3175 1321 3226 lll
1343 3175 1405 3230 351.

253 3263 339 3313 lovem
358 3262 466 3312 Martem
486 3259 627 3324 Quirinum,
646 3258 737 3324 quibus
757 3258 905 3310 Ambroseh.
925 3259 1141 3324 etSehweglerns
1160 3260 1286 3322 nituntur,
1304 3258 1406 3321 omitto,

254 3359 310 3394 curn
323 3359 372 3392 non
385 3340 495 3390 triadem
506 3340 549 3389 sed
560 3341 667 3406 dyadem
680 3347 818 3404 praestent.
829 3367 862 3378 -
876 3339 925 3406 Qui
937 3341 1058 3406 proxime
1066 3341 1096 3390 de
1108 3341 1190 3392 triade
1203 3343 1306 3392 deornm
1317 3339 1405 3406 dispu-

254 3425 329 3485 tavit,
348 3423 482 3472 Bertrand.
502 3421 615 3486 (L'antel
634 3423 664 3470 de
683 3421 784 3471 Saintes
802 3429 828 3470 et
846 3422 885 3472 les
903 3421 1002 3472 triades
1022 3421 1271 3485 claraevallense
1290 3419 1405 3472 archeol.

254 3490 1403 3570 nmmnmfflmmewmmempmmmmmmnmn

253 3588 392 3638 ducendam
415 3601 472 3636 esse
492 3585 599 3650 censuit,
625 3601 674 3634 non
694 3585 851 3636 mirabimur.
887 3583 914 3636 ln
933 3585 988 3651 ipsa
1007 3593 1090 3636 autem
1109 3584 1182 3636 ltalia
1205 3585 1302 3636 triades
1320 3582 1404 3634 inisse

254 3671 359 3718 deorum
376 3673 405 3716 ut
424 3667 621 3729 demonstraret,
640 3665 742 3716 minime
762 3666 787 3716 ei
805 3665 923 3728 contigit
956 3666 1024 3724 ,Num
1042 3681 1081 3729 ea,
1100 3681 1163 3732 quae
1182 3681 1216 3718 ex
1233 3666 1328 3718 tabulis
1346 3663 1404 3728 igu-

252 3750 322 3801 viuis
341 3747 449 3815 profert,
468 3747 584 3814 exempla
602 3747 678 3809 louge
697 3747 776 3798 aliter
793 3763 821 3798 se
839 3747 943 3810 habere,
960 3747 1017 3796 luce
1036 3747 1133 3798 clarius
1151 3755 1216 3798 est..

321 3831 363 3892 ³¹⁵)
382 3829 489 3880 Pansae.
508 3828 535 3879 X
554 3829 598 3880 51:
622 3825 666 3884 'Es
684 3827 713 3880 δὲ
735 3825 783 3882 τόν
801 3827 848 3880 ἐπὶ
868 3829 991 3896 Δελφῶν
1011 3825 1125 3882 εὐθεῖαν
1147 3823 1351 3902 ἀναστρέψαντι
1374 3827 1404 3882 ἔκ

252 3909 387 3967 Δαυλίδος
403 3913 451 3961 καὶ
468 3906 541 3961 ἰόντι
558 3909 606 3961 snt
623 3906 654 3962 τὸ
673 3903 781 3980 πρόσω,
800 3908 877 3963 ἔστιν
896 3901 1068 3978 οἰκοδόμημα
1086 3909 1116 3964 ἐν
1127 3905 1258 3984 ἀριστερᾷ
1270 3911 1315 3976 τῆς
1327 3907 1401 3976 rideri,

251 3990 418 4060 καλούμενον
435 3989 572 4058 Φωκικὸν,
590 3986 650 4048 tet·
673 3985 731 4042 ἀπὸ
750 3985 864 4056 ἑκάστης
886 3987 993 4048 πόλεως
1016 3995 1144 4044 συνίασιν
1163 3995 1192 4044 οἱ
1213 3996 1331 4052 Φωκεῖς·
1352 4009 1404 4062 με·

251 4075 329 4143 γένει
351 4072 402 4143 μὲν
425 4076 497 4142 μέγα
513 4075 544 4124 τὸ
567 4077 676 4142 οἴκημα,
693 4071 769 4132 ἐντὸς
786 4072 814 4125 di
833 4069 919 4126 αὑτοῦ
936 4066 1024 4132 κιόνες
1041 4072 1109 4126 κατὰ
1128 4070 1215 4142 μῆκός
1233 4079 1302 4128 εἰσιν
1324 4075 1403 4141 ἑστη-

251 4150 340 4213 κότες’
359 4153 517 4224 ἀναβασμοὶ
535 4154 564 4208 δὲ
581 4152 641 4206 ἀπὸ
660 4157 717 4208 τῶν
738 4146 841 4208 κιόνων
862 4149 1014 4220 ἀνήκουσιν
1037 4157 1063 4216 ἐς
1085 4151 1213 4230 ἑκάτερον
1233 4163 1334 4226 τοῖχον,
1355 4161 1404 4210 καὶ

251 4238 299 4290 ἐπὶ
316 4239 373 4292 τῶν
384 4234 556 4306 ἀναβασμῶν
566 4235 670 4288 τούτων
682 4239 711 4288 οἱ
728 4229 867 4293 συνιόντες
885 4239 940 4290 τῶν
951 4240 1070 4290 Φωκέων
1086 4241 1263 4304 καθέζονται·
1283 4237 1355 4310 πρὸς
1372 4237 1403 4292 δὲ

251 4322 287 4386 τῷ
305 4323 402 4391 πέρατι
423 4313 511 4376 κιόνες
532 4320 583 4388 μὲν
605 4317 654 4370 οὐκ
676 4320 756 4384 εἰσὶν,
783 4315 846 4370 οὐδὲ
872 4313 1038 4386 ἀναβασμοὶ,
1065 4316 1132 4377 Διὸς
1159 4319 1190 4372 δὲ
1216 4317 1329 4390 ἄγαλμα
1355 4324 1403 4374 καὶ

250 4399 365 4467 Ἀθηνᾶς
382 4404 429 4453 καὶ
440 4396 540 4470 Ἥρας·
560 4401 590 4452 τὸ
608 4401 660 4470 μὲν
677 4402 706 4453 ἐν
723 4398 817 4466 θρόνῳ
834 4401 881 4451 τοῦ
900 4397 975 4463 Διὸς,
992 4399 1159 4472 ἑκατέρωθεν
1176 4401 1205 4456 δὲ
1223 4400 1239 4468 ἡ
1261 4401 1314 4471 μὲν
1330 4399 1400 4454 κατὰ
