3180 5236
750 371 948 435 -3...

364 551 510 626 Quoniam
540 552 598 613 dixi
622 550 658 613 de
681 551 812 613 nummis
835 569 914 612 nunc
936 568 1034 613 sermo
1057 550 1108 612 fiat
1135 549 1172 610 de
1201 567 1300 612 rorum
1329 551 1427 632 scrip-

172 645 174 648 ’
278 654 406 723 toribus;
433 651 541 732 quibus
564 659 638 730 quot
663 650 824 712 debeamus
848 650 1057 730 Capitoliorum
1082 650 1240 711 relationes
1263 660 1426 731 antequam

279 771 435 834 exponam,
458 751 527 830 quid
550 751 725 812 vocabulum
747 751 881 830 Capitolii
905 749 1051 828 significet
1073 749 1174 829 paucis
1197 769 1340 830 quaerere
1363 771 1425 813 non

279 870 532 934 supervacaneum
557 869 622 912 esse
644 849 787 910 videatur.
830 850 882 910 Est
905 849 984 910 enim
1009 866 1119 910 nomen
1144 849 1251 910 montis
1269 850 1427 929 Capitolini

191 997 192 1000 ,
279 955 319 1014 ita
336 953 498 1014 formatum
516 959 549 1012 ut
572 971 597 1010 e.
610 969 636 1028 g.
660 949 769 1010 montis
793 948 917 1009 Palatini
934 947 1078 1028 Esquilini
1094 949 1263 1024 Aventini⁴l
1285 949 1427 1030 idemque

278 1054 325 1114 ille
349 1051 437 1112 traxit
460 1049 626 1130 extemplo
650 1049 725 1109 lovis
748 1047 869 1108 lunonis
893 1047 1055 1121 Minervae,
1084 1049 1163 1128 quod
1187 1067 1244 1110 una
1267 1069 1335 1110 cnm
1359 1069 1426 1114 arca

280 1153 375 1213 muris
404 1151 596 1212 circumclusa
623 1149 812 1228 singulariter
839 1148 973 1228 Capitolii
1002 1149 1123 1210 nomine
1151 1158 1290 1210 ornatum
1321 1149 1427 1230 axau).

280 1251 365 1324 Quod
382 1269 449 1311 cum
467 1249 503 1310 ab
520 1269 586 1310 arce
601 1249 641 1310 ita
657 1249 771 1310 dillcret
787 1256 820 1310 ut
835 1249 1057 1310 meridionalem
1075 1249 1147 1310 baec
1162 1251 1425 1329 septentrionalem

282 1349 392 1411 montis
401 1357 514 1428 partem
528 1355 686 1428 occuparet
697 1347 1145 1428 posteristemporibusnomine
1154 1350 1228 1410 arcis
1240 1368 1275 1410 ex
1284 1351 1427 1412 memoria

281 1457 475 1510 evanescente
499 1447 635 1529 Capitolii
650 1467 706 1509 vox
726 1455 877 1528 tamquam
901 1467 968 1527 pars
992 1449 1092 1527 potior
1113 1449 1148 1508 ad
1167 1453 1267 1510 ‘toturn
1293 1459 1426 1511 montem

284 1547 507 1628 significandum
533 1565 664 1607 ererum
682 1547 876 1627 scriptoribus
893 1553 1033 1626 usurpata
1056 1555 1107 1608 est.
1154 1547 1254 1626 Neque
1270 1568 1339 1611 vero
1356 1551 1429 1630 quin

281 1648 352 1710 illud
376 1645 551 1708 vocabulum
576 1664 643 1706 vere
667 1645 804 1707 Latinum
828 1645 867 1706 sit
889 1645 1033 1706 dubitatio
1058 1665 1122 1707 esse
1144 1645 1283 1725 potesttt.

367 1746 419 1807 His
447 1745 538 1824 igitur
571 1745 732 1824 propositis
768 1745 978 1825 Capitoliorum
1014 1745 1235 1824 provincialium
1269 1747 1428 1809 relationes

281 1865 349 1910 cum
373 1846 407 1906 ad
431 1863 522 1906 unam
554 1861 657 1905 omnes
686 1844 834 1924 pendeant
864 1863 878 1904 a
908 1844 1102 1924 scriptoribus
1131 1855 1301 1924 argenteae,
1329 1854 1361 1907 ut
1387 1849 1429 1908 ita

283 1947 395 2017 dicam,
425 1943 594 2015 latinitatis,
630 1961 686 2020 qua
715 1943 831 2004 ratione
855 1943 894 2004 illi
917 1943 1057 2003 vocabulo
1081 1944 1125 2004 usi
1149 1944 1209 2004 sint
1232 1945 1357 2023 agedum
1381 1946 1429 2007 in-

283 2045 442 2126 quiramus.
487 2042 529 2104 Ac
550 2041 679 2122 primum
704 2042 823 2121 quidem
848 2042 1012 2104 tenendum
1038 2060 1132 2120 usquc
1156 2043 1189 2104 ad
1207 2042 1427 2106 Antoninorum

282 2145 343 2206 lere
372 2150 508 2222 tempore
536 2141 611 2220 apud
642 2158 744 2201 rerum
769 2141 928 2220 scriptores
952 2139 1087 2220 Capitolii
1110 2140 1231 2201 nomine
1254 2141 1328 2202 nibil
1351 2143 1427 2204 aliud

283 2243 341 2304 nisi
364 2241 508 2321 templum
531 2239 609 2301 lovis
624 2239 746 2300 lunonis
770 2239 916 2301 Minervae
939 2239 1108 2318 significari.
1147 2240 1183 2300 At
1199 2241 1254 2301 sub
1271 2249 1426 2302 exeuntem

283 2341 489 2421 antiquitatem
513 2359 580 2400 cum
604 2340 728 2402 deorum
753 2339 985 2419 Capitolinorum
1009 2339 1106 2400 cultus
1129 2357 1183 2418 per
1205 2347 1302 2400 totum
1325 2341 1426 2402 orbem

283 2442 451 2502 Romanum
486 2437 696 2500 disseminatus
729 2445 810 2498 tanta
838 2438 1012 2498 auctoritate
1041 2445 1070 2498 et
1098 2436 1212 2498 honore
1241 2447 1374 2502 uteretur
1395 2449 1430 2502 ut

283 2541 415 2620 luppiter
441 2538 622 2618 Capitolinus
645 2536 718 2598 κατ’
742 2533 856 2620 ἐξοχὴν
879 2537 976 2598 orneris
998 2536 1148 2615 religionis
1172 2537 1321 2599 Romanae
1344 2559 1426 2600 sum·

353 2799 419 2848 Ludi
433 2797 572 2864 Capitolini
590 2811 645 2846 cum
666 2811 695 2846 ea
713 2803 799 2846 aetate
817 2795 1003 2860 Aphrodisiade
1016 2802 1042 2845 ct
1053 2795 1183 2862 Heliopoli
1196 2804 1314 2860 aguntur,
1327 2814 1374 2846 non
1389 2789 1428 2848 est

284 2881 443 2944 cogitandum
468 2881 498 2928 de
521 2879 576 2928 illis
601 2877 643 2943 qui
669 2877 810 2942 antiquitus
833 2875 927 2926 Romae
951 2877 977 2926 in
1002 2877 1128 2942 Capitolio
1152 2877 1209 2926 lieri
1235 2879 1352 2928 solebant
1374 2880 1426 2941 (vd.

173 3010 175 3014 ,
283 2963 393 3014 Preller.
413 2962 491 3027 myth.
509 2959 558 3009 ll.⁸
575 2977 598 3025 p.
612 2959 660 3008 228
671 2961 729 3024 sq).
764 2957 870 3008 Rectius
890 2959 1030 3008 imitationi
1042 2957 1122 3008 luisse
1136 2959 1338 3010 existimabimus
1354 2961 1426 3011 ludos

284 3060 347 3110 quos
366 3059 430 3093 anno
456 3060 478 3109 p.
499 3041 557 3092 Chr.
577 3043 610 3092 86
633 3042 793 3092 Domitianus
812 3041 978 3104 institueret,
1000 3041 1025 3090 in
1052 3041 1141 3106 quibus
1164 3042 1269 3104 agendis
1289 3044 1426 3093 certamina

285 3135 310 3177 et
328 3126 425 3175 musica
444 3133 471 3176 et
489 3125 606 3192 gymnica
627 3125 706 3174 lirisse
724 3123 818 3174 scimus
840 3124 890 3185 (vd.
911 3122 1101 3174 Friedlaenderi
1125 3123 1217 3173 librum
1237 3124 1278 3174 cui
1295 3125 1428 3190 inscripsit
1501 3136 1503 3140 '

284 3207 514 3269 Sittengescbicbte
533 3206 608 3256 Roms
627 3206 679 3258 vol.
692 3204 730 3256 11ὃ
749 3223 772 3270 p.
786 3205 844 3269 437,
863 3203 912 3254 1111
930 3220 953 3269 p.
967 3203 1016 3254 379
1028 3206 1083 3270 sq).
1120 3206 1206 3256 Aliter
1223 3221 1251 3256 se
1268 3206 1363 3258 babent
1375 3207 1427 3257 ludi

283 3305 344 3356 quos
365 3289 388 3336 iu
408 3288 509 3338 colonia
528 3287 593 3338 lulla
611 3287 731 3338 Genitiva
753 3285 892 3337 Ursonensi
909 3287 952 3336 lex
971 3287 1086 3336 coloniae
1110 3287 1163 3338 lovi
1186 3285 1275 3338 lunoni
1295 3288 1427 3339 Minervae

284 3370 393 3420 edendos
412 3377 485 3420 curat
498 3371 550 3432 (vd.
565 3385 618 3435 cap.
632 3368 707 3419 Lxx
720 3375 746 3418 ct
760 3365 844 3417 LXXI
858 3367 883 3417 io
897 3369 992 3432 ephem.
1006 3370 1085 3434 epigr.
1097 3369 1146 3418 vol.
1158 3367 1178 3417 11
1191 3385 1214 3419 a.
1230 3369 1306 3421 1877:
1325 3371 1427 3421 duoviri

284 3491 290 3506 .
306 3492 311 3504 .
326 3493 332 3504 .
345 3469 434 3502 munus
453 3452 560 3502 ludusve
579 3451 713 3502 scaenicos
731 3450 786 3502 lovi
800 3449 887 3498 lunoni
902 3451 1034 3502 Minervae
1047 3452 1101 3501 deis
1115 3451 1256 3518 deabusque
1269 3453 1426 3518 quatriduana

284 3537 380 3584 maiore
400 3541 472 3600 parte
492 3534 560 3583 diei.
577 3570 602 3584 ..
622 3531 754 3600 laciunto).
792 3532 840 3598 Qui
866 3550 920 3584 cum
944 3533 1047 3583 dubium
1071 3549 1120 3582 non
1144 3533 1179 3582 sit
1200 3534 1259 3598 quin
1284 3532 1380 3584 luerint
1403 3542 1427 3585 et

285 3616 395 3668 scaenici
415 3624 441 3666 et
460 3615 597 3678 circenses,
616 3615 648 3664 iis
667 3615 787 3665 imitando
808 3615 916 3681 exprimi
930 3616 1003 3665 ludos
1017 3630 1121 3678 magnos
1133 3615 1157 3664 iu
1171 3616 1292 3666 honorem
1306 3615 1426 3683 Capitolii

283 3698 389 3748 Romani
408 3699 511 3749 deorum
530 3698 664 3747 institutos
684 3697 838 3748 arbitremur
857 3714 961 3749 necesse
980 3705 1028 3749 cst.

351 3781 371 3842 ⁴)
392 3780 423 3831 cl.
443 3781 545 3831 Jordan.
565 3778 675 3844 Topogr.
694 3779 770 3831 Urbis
789 3779 882 3830 Romae
901 3781 954 3833 vol.
972 3779 983 3830 1
1001 3781 1016 3830 2
1036 3796 1058 3846 p.
1073 3780 1149 3846 6sqq.

352 3864 371 3924 ⁶)
392 3861 423 3913 cl.
443 3863 622 3913 Mommsenum
642 3861 706 3910 bull.
728 3862 790 3913 inst.
811 3878 833 3912 a.
850 3863 920 3914 ,1845
938 3879 961 3928 p.
983 3863 1031 3912 124
1041 3877 1077 3928 sq.
1101 3889 1133 3898 -
1156 3862 1292 3912 dordunum
1311 3863 1329 3912 l.
1346 3863 1366 3912 l.
1385 3863 1394 3912 1
1414 3866 1424 3915 l

284 3964 307 4013 p.
327 3946 376 3996 282
395 3944 415 3994 ll
435 3945 493 3994 496.

352 4027 372 4087 ⁸)
392 4026 510 4076 Corsscn.
529 4027 596 4076 libro
616 4027 654 4076 eni
675 4028 821 4094 inscripsit:
842 4027 975 4079 llritiscbe
988 4026 1133 4092 Nachtr‘alge
1152 4045 1197 4078 zur
1209 4029 1296 4079 latein.
1310 4030 1427 4080 Formen-

284 4111 355 4159 lebre
375 4125 398 4175 p.
418 4109 466 4158 276
485 4109 521 4158 itu
542 4110 571 4158 de
591 4109 662 4158 vods
686 4110 786 4173 origine
811 4110 929 4160 disserit:
959 4110 1113 4176 Capitolium
1140 4111 1177 4161 ist
1203 4111 1355 4160 cntstandcn
1383 4127 1426 4161 aua

284 4191 485 4256 Capit-alium,
505 4191 588 4240 indem
607 4207 637 4240 an
657 4191 704 4242 dea
723 4191 817 4242 Stemm
837 4191 968 4258 capit-ali·
988 4192 1032 4241 das
1051 4190 1132 4242 Sulflx
1152 4193 1191 4241 ·io
1211 4199 1264 4241 trat
1281 4193 1331 4241 und
1350 4193 1426 4242 dasa

283 4289 347 4322 zuo
366 4273 421 4322 sich
441 4273 609 4324 verdunkelte
628 4273 679 4323 wie
694 4274 820 4336 lentisco,
842 4274 982 4336 i-gud-sco,
1001 4273 1103 4337 igno-ro
1118 4274 1196 4324 neben
1210 4277 1326 4336 gne-rus,
1345 4275 1427 4337 i-gna's-

284 4371 335 4418 rus,
361 4354 543 4418 gna-r-ig-are,
566 4355 645 4417 indos,
669 4357 825 4418 sacer-do-s,
850 4355 966 4404 dri-num
989 4355 1068 4406 ueben
1093 4356 1131 4406 da.
1166 4354 1307 4406 Praeterea
1334 4355 1375 4406 adi
1398 4355 1426 4406 ll.

284 4437 421 4486 lordanum
442 4438 466 4486 iu
486 4436 593 4488 Hermae
613 4439 663 4488 vol.
681 4436 714 4487 lV
735 4454 757 4504 p.
772 4437 821 4488 246
840 4444 866 4486 ct
884 4437 994 4504 Topogr.
1014 4437 1042 4489 U.
1062 4437 1090 4488 ll.
1110 4436 1119 4486 1
1140 4437 1161 4499 1,
1182 4438 1230 4488 180
1249 4437 1305 4488 adn.
1325 4439 1365 4489 46.
