3180 5236
630 419 673 428 .-
721 367 851 444 41'-

167 561 253 620 inbet
275 559 306 620 in
330 558 440 638 templo
461 557 561 620 Martis
584 569 673 638 atque
695 577 761 618 cnm
785 559 954 638 paulopost
970 557 1176 620 Mediolanium
1192 579 1223 621 se
1239 579 1312 624 con·

166 659 286 722 tulisset
308 659 348 719 ili
371 657 504 718 Herculis
528 658 557 718 in
580 657 713 728 thermis,
736 657 787 719 ubi
811 667 895 718 erant
917 665 1031 720 statuae
1053 657 1186 720 Herculis
1208 670 1237 720 et
1259 660 1314 722 Sa-

167 758 263 830 turni,
286 757 316 817 in
341 775 390 816 eos
413 757 512 817 denuo
539 756 689 835 inquirere
719 753 824 835 coepit.
859 789 898 800 —-
933 755 1070 817 Octavius
1099 757 1233 830 lichum,
1263 759 1314 838 qui

169 863 365 918 monumenta
388 853 524 915 Brixiana
540 851 764 934 descripsit¹³⁴),
789 861 948 926 vetustum,
973 855 1020 926 ait,
1045 873 1175 928 murum,
1198 858 1262 919 albo
1284 867 1315 920 et

168 955 313 1036 quadrato
342 972 412 1014 saxo
434 961 655 1024 constructum,
688 954 736 1032 qui
768 953 928 1030 eregioue
957 953 1036 1015 aedis
1068 955 1097 1015 S.
1122 954 1238 1035 losephi
1266 957 1314 1032 sit,

167 1061 293 1135 propter
316 1051 559 1130 magnificentiam
584 1051 683 1131 operis
706 1061 820 1130 partem
845 1051 904 1112 lovi
928 1051 1085 1131 Capitolini
1107 1054 1212 1134 templi
1228 1055 1314 1134 vulgo

167 1152 282 1213 haberi.
304 1151 400 1211 -'ln
424 1151 566 1230 oppidum
583 1151 661 1230 quod
679 1150 723 1212 bis
744 1150 788 1228 (C.
806 1150 826 1210 l.
843 1149 875 1209 L.
893 1153 913 1210 V
930 1151 1013 1210 4212
1030 1159 1059 1213 et
1075 1151 1170 1228 4309)
1193 1165 1314 1216 vocatur

169 1251 225 1312 col.
249 1251 336 1310 civica
359 1249 489 1326 Augusta
512 1247 607 1308 Brixia
631 1255 718 1328 atque
749 1267 763 1309 a
793 1248 888 1308 Plinio
917 1248 972 1328 (lll
989 1249 1037 1321 19,
1057 1251 1129 1324 130)
1165 1270 1201 1313 eo
1228 1252 1314 1314 titulo

169 1357 295 1413 ornatur
317 1349 479 1427 Augustum
503 1366 533 1426 p.
556 1366 582 1408 a.
606 1346 667 1407 729
690 1348 837 1408 coloniam
859 1348 1017 1410 deduxisse
1040 1349 1228 1430 certum¹⁵⁶).

257 1644 334 1704 llaec
366 1643 454 1704 habui
486 1642 697 1722 Capitoliorum
731 1642 827 1704 ltaliae
859 1644 992 1723 exempla
1026 1661 1100 1723 quae
1135 1645 1213 1724 quod
1252 1645 1315 1707 eius

168 1743 233 1804 fieri
261 1741 359 1822 potuit
387 1747 464 1802 certa
493 1741 619 1820 quadam
649 1733 763 1802 ratione
791 1760 937 1802 eruerem.
983 1742 1204 1822 Relinquantur
1234 1761 1314 1804 non-

169 1843 261 1912 nulla,
285 1839 452 1919 dequibus
483 1857 550 1900 oum
580 1839 734 1918 praesidiis
765 1840 852 1918 plane
880 1840 999 1900 deserar
1027 1857 1125 1919 neque
1152 1842 1313 1920 quidquam

169 1940 231 2001 veri
247 1937 405 2016 indagandi
422 1935 510 1997 nohis
525 1939 575 1998 det
589 1956 702 2009 ansam,
723 1945 838 2000 certum
855 1937 996 1998 iudicium
1012 1941 1089 1999 terre
1105 1956 1167 1999 non
1182 1957 1314 2018 possum.

170 2037 268 2099 Nihilo
291 2037 381 2098 setius
404 2055 530 2116 sperans
553 2038 618 2097 lore
641 2044 674 2096 ut
697 2036 743 2098 alii
764 2037 891 2097 furasse
914 2036 1065 2116 contingat
1088 2045 1120 2098 ut
1141 2038 1314 2100 melioribus

170 2153 261 2217 quam
288 2153 363 2215 quae
392 2136 447 2194 hac
475 2135 505 2193 in
536 2143 631 2195 terrae
661 2135 780 2213 regione
808 2134 879 2195 milri
903 2135 933 2194 in
957 2135 1094 2196 manibus
1118 2135 1177 2196 siut
1199 2137 1314 2216 praesi-

171 2235 229 2296 diis
273 2234 389 2294 adiutus
434 2232 641 2312 quaestionem
685 2233 854 2293 inchoatam
899 2233 935 2293 ad
979 2233 1125 2312 liquidum
1163 2235 1315 2314 perducat,

171 2352 205 2394 ea
239 2333 314 2393 inira
348 2331 456 2392 addere
489 2348 550 2392 non
585 2331 696 2392 veritus
730 2350 807 2392 sura.
862 2331 1054 2396 Pcroensenti
1088 2332 1169 2393 euim
1204 2332 1314 2413 quibus

170 2431 313 2511 Capitolia
346 2430 438 2491 luisse
472 2429 741 2491 demonstravimus
776 2431 882 2510 oppida
913 2431 985 2510 quin
1019 2451 1052 2491 ex
1085 2439 1165 2493 tanta
1197 2433 1314 2511 Capito-

170 2531 279 2592 liorum
302 2529 337 2591 ad
361 2529 509 2608 exemplar
531 2529 657 2590 Romani
680 2529 824 2590 lautorum
849 2530 932 2609 copia
955 2549 1100 2612 perpauca
1123 2531 1159 2592 ad
1176 2551 1230 2592 nos
1245 2549 1314 2610 per·

171 2629 309 2690 venerint
341 2627 460 2705 vestigia
491 2627 604 2688 nemini
630 2627 755 2688 dubium
787 2647 851 2689 esse
882 2629 1001 2708 poterit.
1047 2629 1149 2709 Neque
1176 2631 1313 2691 fallemur

171 2747 239 2789 eum
263 2727 475 2806 imperatorum
499 2726 585 2785 Rom.
609 2734 687 2786 certe
710 2726 896 2804 temporibus
920 2727 966 2787 vix
988 2728 1077 2789 ullam
1102 2728 1194 2790 totius
1218 2728 1316 2790 ltaliae

171 2826 319 2888 coloniam
334 2823 565 2903 municipiumve
576 2822 671 2884 luisse
683 2825 909 2902 contendemus,
927 2825 1006 2904 quod
1023 2843 1085 2886 nou
1100 2827 1177 2886 lovis
1193 2827 1315 2887 lunonis

174 2925 325 2985 llinervae
341 2923 452 3002 templo
469 2929 613 2983 uteretur.
656 2922 702 2993 dt,
725 2923 803 3002 quod
827 2933 906 2985 recte
930 2932 1031 2985 mouet
1041 2923 1172 2997 thelica,
1195 2925 1315 3004 praelat.

160 3024 240 3085 -libri
264 3023 299 3083 de
322 3022 404 3082 ltalia
426 3021 523 3082 media
546 3021 706 3100 conscripti
729 3041 759 3100 p.
777 3021 848 3092 lllV,
871 3029 966 3082 exstat
988 3022 1019 3082 in
1035 3023 1095 3101 ipsa
1112 3023 1193 3084 ltalia
1208 3023 1315 3102 ingens

170 3139 315 3183 numerus
338 3120 482 3181 librorum
505 3119 698 3196 singularium
722 3119 758 3180 de
780 3119 903 3198 singulis
925 3119 1041 3198 oppidis
1064 3121 1209 3182 acivibus
1232 3141 1315 3182 ccm-

174 3219 349 3298 positcrum,
373 3218 424 3297 qui
446 3217 612 3296 argumenti
627 3217 838 3296 arehaeologici
853 3217 1018 3297 plenissimi
1034 3237 1102 3280 curn
1118 3223 1199 3280 extra
1216 3219 1315 3280 ltaliae

173 3318 246 3378 fines
268 3317 444 3396 plerumque
468 3316 503 3376 ad
527 3334 581 3376 nos
605 3333 666 3376 non
689 3316 877 3394 pervenerint
900 3315 1011 3377 nemini
1034 3316 1091 3377 nisi
1115 3317 1166 3396 qni
1190 3317 1314 3378 initalia

173 3425 378 3478 commoretur
400 3414 508 3476 auxilio
533 3431 598 3474 esse
621 3422 756 3493 possunt.

259 3513 355 3575 Habes
377 3513 476 3592 igitur,
506 3512 632 3591 quaein
656 3520 736 3573 tanta
759 3511 975 3592 praesidiorum
1004 3513 1126 3592 penuria
1157 3513 1315 3592 investiga-

171 3615 275 3674 verim.
321 3613 417 3691 Atque
439 3620 472 3674 ut
494 3613 593 3675 statim
611 3612 764 3674 exordium
779 3613 884 3674 luciam
907 3631 922 3672 a
945 3612 1182 3687 Mediolanio‚
1205 3613 1315 3692 Ughel-
1371 3635 1373 3640 ·

169 3714 228 3774 lius
250 3712 312 3772 ltal.
335 3729 409 3772 sacr.
431 3719 503 3772 tom.
526 3712 562 3772 lv
584 3731 613 3791 p.
631 3710 671 3772 20
698 3711 740 3772 sic
762 3711 847 3772 dicit:
882 3730 959 3773 nam
990 3710 1213 3790 Capitolium
1242 3711 1316 3772 luit

168 3847 1312 3918 mmmmeMmmfflmmmffldmmmmmm

171 3931 307 3982 verbosius
325 3937 352 3980 ct
369 3931 511 3996 loquacius,
530 3930 673 3980 narrationi
690 3930 805 3980 adnectit
823 3928 933 3980 saboiam
951 3930 1129 3980 miraculosam
1149 3930 1192 3994 (ib.
1206 3947 1228 3996 p.
1242 3930 1314 3993 81o):

172 4013 319 4080 „Adrianus
338 4028 398 4062 vero
417 4012 555 4077 procedens
574 4011 692 4062 aseendit
709 4012 734 4060 in
754 4011 908 4076 Capitolium
921 4026 977 4061 cum
991 4012 1089 4075 ingenti
1102 4011 1187 4074 turba,
1206 4011 1315 4062 aderens

172 4095 227 4146 sois
246 4094 372 4144 sacrificia
390 4094 440 4144 diis
458 4094 585 4159 iussitque
603 4093 749 4144 Faustinum
769 4101 795 4143 et
814 4091 922 4145 levitam
941 4109 1025 4144 seeum
1037 4094 1062 4144 ia
1076 4093 1228 4160 Capitolium
1242 4109 1316 4144 scau-

172 4179 234 4228 dore
252 4184 278 4226 et
296 4175 448 4225 sacrificare.
485 4175 595 4240 Cumque
608 4175 719 4239 ingressi
737 4173 848 4226 luissent
859 4177 886 4225 iu
899 4175 1053 4242 Capitolium
1066 4176 1119 4226 loci
1131 4176 1213 4242 lpsius
1226 4175 1315 4226 lunda-

171 4265 257 4310 meuta
275 4264 484 4308 contremuerunt
502 4258 549 4321 ita,
568 4263 595 4306 ut
613 4257 694 4307 omnis
714 4258 821 4323 populus
839 4257 932 4307 timore
951 4258 1106 4324 perterritus
1124 4256 1251 4324 lugeret‘.

241 4339 284 4402 ¹⁵⁴)
303 4338 329 4389 lu
350 4337 455 4390 Graevii
473 4340 538 4388 thes.
557 4339 610 4389 vol.
629 4338 663 4390 lV
681 4339 705 4389 2.

241 4421 283 4486 ¹⁵⁵)
303 4419 416 4471 Momms.
435 4417 515 4486 praef.
534 4418 612 4470 iuscr.
631 4419 701 4470 Brix.
