3180 5236
786 397 1010 460 ..26-

409 574 479 638 Erat
493 575 698 638 Beneventum
720 583 806 636 vetus
829 575 944 638 colonia
960 575 1061 638 Latina
1085 595 1113 637 u.
1136 595 1161 636 c.
1185 575 1247 638 486
1270 574 1306 636 ad
1322 574 1484 638 Samnites

324 675 506 736 coercendos
539 683 569 735 et
597 693 694 736 mores
722 675 874 736 Romanos
901 675 933 736 in
967 674 1029 736 illas
1065 675 1202 753 regiones
1234 673 1483 736 disseminandos

324 773 503 849 deducta⁷⁸).
550 773 671 836 Caesare
694 783 812 836 mortuo
835 773 983 834 triumviri
1006 773 1163 836 annulli
1187 773 1331 834 coloniam
1355 782 1481 836 vetera-

324 889 432 932 norum
467 891 501 932 eo
538 871 778 951 deduxerunt⁷⁹),
814 873 937 936 deduxit
966 881 1064 934 autem
1094 872 1126 934 L.
1154 872 1303 934 Munatius
1333 872 1478 945 Plancus,

323 970 444 1032 Antonii
466 971 635 1046 0101011010).
679 972 792 1034 Deinde
815 975 964 1050 Augustus
988 989 1053 1034 eam
1083 971 1182 1034 denuo
1211 971 1378 1043 constituit,
1412 991 1480 1050 qua

322 1087 355 1128 re
384 1087 399 1127 a
436 1069 532 1130 Plinio
567 1070 598 1130 in
630 1071 755 1148 Augusti
792 1071 974 1132 coloniarum
1009 1071 1139 1148 catalogo
1174 1070 1307 1132 coloniae
1347 1072 1479 1132 nomine

321 1166 501 1242 ornatur⁸¹).
536 1168 682 1248 'Denique
704 1167 790 1239 Nero,
814 1188 903 1248 quem
929 1187 1017 1230 novas
1034 1168 1164 1230 colonias
1187 1169 1212 1228 si
1235 1187 1296 1230 non
1311 1169 1478 1230 deduxisse

321 1272 352 1326 at
374 1276 487 1328 veteres
511 1268 696 1348 supplevisse
719 1269 843 1340 seimus,
873 1268 1020 1330 coloniam
1042 1268 1280 1330 Beneventanam
1310 1268 1450 1344 auxit⁸²).

844 1444 943 1498 Ostia.

406 1560 523 1624 Titulus
543 1562 594 1624 ille
618 1561 646 1622 O.
671 1563 693 1624 l.
717 1561 748 1622 L.
766 1563 801 1622 Vl
824 1561 943 1635 luem,
966 1581 1035 1624 cum
1056 1562 1167 1624 Romae
1189 1562 1221 1622 in
1244 1563 1361 1641 porticu
1381 1562 1474 1641 lapid.

319 1657 450 1720 Vaticani
473 1667 648 1733 servaretur,
672 1660 707 1721 ab
723 1660 874 1722 Henzenio
896 1661 974 1722 inter
988 1660 1198 1739 inscriptiones
1215 1659 1343 1722 urbanos
1359 1661 1473 1724 relatus

318 1765 372 1818 est
429 1756 524 1829 Quem
558 1777 619 1819 non
655 1760 778 1820 Romam
813 1760 865 1821 sed
901 1759 1013 1822 Ostiam
1048 1760 1195 1838 pertinere
1230 1777 1311 1820 nunc
1337 1759 1470 1838 primum

319 1855 354 1916 H.
385 1857 495 1918 llessau
531 1867 611 1919 reete
641 1858 847 1938 perspexit⁸⁴).
898 1859 1037 1922 Fortasse
1064 1859 1142 1920 enirn
1173 1857 1291 1936 Molos)
1322 1859 1470 1920 Ostiensis

319 1955 506 2035 Asclepiades
530 1957 608 2017 idem
633 1967 679 2019 est
702 1967 789 2038 atque
813 1977 890 2018 unus
913 1978 948 2018 ex
965 1957 1090 2031 duobus,
1114 1958 1164 2036 qui
1181 1959 1213 2018 in
1229 1958 1327 2020 indice
1341 1958 1471 2030 familiae

318 2053 452 2133 publicae
476 2055 618 2116 Ostiensis
641 2056 659 2115 l.
684 2063 706 2117 c}
731 2076 759 2136 p.
787 2055 846 2116 132
874 2074 986 2117 nomen
1009 2056 1189 2134 Asclepiadis
1220 2056 1331 2117 ferunt.
1381 2056 1469 2128 Quod

318 2161 398 2214 recte
421 2153 445 2212 si
469 2153 565 2226 habet,
589 2155 706 2215 titulum
731 2156 766 2216 ad
791 2156 903 2216 Ostiam
928 2155 1123 2216 revocandum
1152 2155 1217 2214 luce
1246 2153 1362 2224 clarius.
1409 2155 1469 2216 Sed

317 2271 353 2312 ex
382 2252 447 2330 ipso
475 2253 597 2314 nomine
627 2271 686 2333 quo
717 2254 757 2314 sit
788 2253 964 2315 referendus
994 2262 1126 2332 apparet.
1172 2251 1279 2312 Noster
1301 2251 1380 2312 enim
1405 2271 1469 2315 non

317 2367 421 2410 servus
445 2351 495 2412 scd
511 2350 634 2413 libertus
651 2359 706 2412 est.
746 2353 826 2414 Servi
849 2361 958 2423 autem,
981 2371 1049 2412 cum
1067 2351 1138 2412 nihil
1156 2350 1213 2432 nisi
1230 2369 1322 2412 unum
1340 2352 1469 2414 habeant

317 2463 439 2521 nornen,
462 2448 487 2510 si
510 2469 601 2512 manu
625 2451 787 2512 mittuntur
810 2469 920 2512 nomen
944 2451 1077 2529 patronis
1099 2449 1156 2510 sibi
1179 2450 1326 2512 vindicant
1347 2451 1403 2526 ita,
1433 2461 1467 2512 ut

316 2565 376 2626 quo
398 2548 480 2626 prius
503 2549 591 2609 unico
616 2549 662 2610 usi
684 2557 755 2610 sunt
777 2551 833 2610 iarn
858 2567 1024 2627 cognomen
1052 2549 1162 2612 evadat.
1208 2549 1303 2621 Quam
1335 2549 1373 2610 ob
1400 2567 1465 2611 rem

316 2663 384 2705 cum
407 2646 549 2706 hocloco
574 2646 655 2708 Ostia
678 2648 791 2708 colonia
815 2667 1001 2710 summanu
1024 2648 1137 2718 mittat,
1160 2665 1272 2708 nomen
1301 2635 1369 2709 eius
1391 2667 1465 2728 geu·
1569 2673 1570 2686 ¹

316 2743 449 2815 tilleium,
473 2764 533 2824 qno
556 2765 591 2806 ex
615 2754 748 2826 tempore
773 2747 894 2808 libertus
917 2748 958 2819 fit,
983 2747 1129 2808 Ostiensis
1152 2765 1216 2808 esse
1238 2746 1381 2826 debet⁸⁵).

401 2843 626 2925 inscriptionem
660 2847 696 2906 ad
731 2856 864 2925 tempora
891 2847 1105 2925 imperatorum
1135 2845 1285 2924 pertinere
1311 2845 1381 2906 inde
1414 2845 1462 2906 in-

314 2941 404 3018 telligi
427 2949 535 3020 potest,
560 2944 640 3021 quod
663 2945 795 3022 corporis
817 2944 992 3006 libertorum
1018 2952 1047 3004 et
1062 2963 1214 3005 servorum
1234 2945 1345 3006 mentio
1361 2943 1461 3023 est⁸⁶).

382 3133 413 3196 ⁷⁸)
433 3132 593 3196 Vell.114;
613 3134 670 3184 Liv.
689 3135 749 3199 epit.
770 3135 809 3186 15.

382 3215 413 3275 ⁷⁹)
432 3215 476 3266 lih.
496 3215 544 3266 eol.
564 3216 622 3276 231,
641 3218 665 3266 5.

382 3297 413 3356 80)
432 3296 450 3346 l.
470 3296 499 3348 lt.
518 3297 550 3360 N,
568 3298 644 3348 4689.

381 3379 528 3440 81)116.111
550 3380 663 3442 16,166;
683 3379 715 3430 01.
735 3380 781 3430 lib.
801 3380 849 3430 col.
869 3378 965 3442 1317,

380 3460 412 3522 ⁸²)
432 3459 464 3512 cf.
484 3460 528 3512 lib.
548 3461 598 3512 ool.
618 3461 676 3524 231,
689 3461 712 3510 5.
749 3460 774 3512 ln
793 3461 880 3512 titulis
903 3460 998 3512 dieitur
1020 3459 1067 3512 col.
1089 3461 1158 3512 Julia
1185 3461 1300 3524 Augusta
1318 3460 1459 3512 Concordia

311 3540 388 3590 Felix
406 3542 576 3593 Beneventum
595 3541 627 3592 cs.
647 3543 671 3592 l.
689 3542 718 3592 R.
735 3541 767 3592 N.
788 3542 862 3593 1410.

380 3623 413 3684 ⁸⁸)
431 3623 462 3674 A.
481 3623 613 3674 Ostiensis.
629 3624 793 3689 Asclepiades
814 3624 817 3687 Ι
838 3622 938 3673 aeditus
957 3623 1068 3688 Capitoli
1093 3624 1192 3687 signum
1220 3623 1311 3674 Martis
1328 3623 1337 3688 ⁴l
1357 3623 1457 3689 corpori

312 3702 424 3756 familiae
440 3705 443 3771 Ι
460 3707 561 3771 publice
574 3704 647 3770 (siet)
665 3706 815 3755 libertorum
828 3712 855 3756 et
867 3719 999 3754 servorum
1011 3706 1034 3754 d.
1048 3706 1071 3756 d.
1086 3711 1127 3768 t:
1139 3721 1177 3772 ap.
1193 3705 1319 3756 OreMiurn
1339 3723 1362 3755 o.
1375 3703 1457 3770 2856)

383 3787 497 3848 84)11011.
517 3787 577 3837 inst.
596 3789 664 3838 areh-
683 3802 705 3836 0.
731 3787 791 3837 1881
813 3804 836 3852 p.
858 3787 963 3852 135sqq.

380 3869 411 3928 86)
430 3869 474 3920 Sic
502 3869 579 3918 titulo
598 3884 637 3934 ap.
657 3869 766 3918 Henzeo.
794 3885 817 3918 u.
845 3869 911 3918 6402
939 3869 1049 3920 libertus
1077 3875 1181 3918 senatus
1208 3867 1338 3918 Tiburtini
1365 3868 1457 3918 dicitur

311 3950 430 4002 Senatius
463 3949 568 4016 Nephoo
599 3951 703 4016 eiusque
737 3967 802 4000 uxor
829 3950 933 4000 Senetia
959 3949 1049 4014 Flora3
1080 3966 1103 4000 n.
1131 3950 1198 4000 6394
1226 3950 1316 4000 liberti
1343 3950 1456 4000 coloniae

309 4032 479 4084 Aeclaoeusis
507 4032 677 4084 Maximianus
701 4041 727 4084 et
751 4033 874 4084 Marcella
907 4040 1032 4082 vorantur
1070 4033 1206 4084 Aeclaoius
1234 4031 1404 4082 Maximianus
1429 4040 1456 4082 et

310 4115 430 4166 Aeclania
457 4115 595 4178 Marcelle3
623 4112 654 4164 cf.
682 4132 706 4164 u.
733 4116 799 4166 6396
828 4114 853 4164 C.
875 4113 1025 4180 Campauius
1044 4115 1161 4178 Ursulus,
1187 4131 1211 4164 o.
1237 4115 1303 4166 6396
1329 4114 1456 4166 Pollentia

309 4196 441 4248 Processu.

377 4281 410 4341 86)
429 4277 461 4330 01.
486 4281 551 4344 apud
571 4279 695 4332 Orellium
719 4298 743 4332 n.
762 4280 841 4332 4109:
878 4279 921 4330 Cn.
946 4280 1033 4330 Sentio
1053 4279 1096 4330 Cn.
1117 4280 1194 4342 61110)
1218 4278 1261 4330 Cu.
1281 4278 1389 4346 n(eputi)
1406 4288 1454 4332 ter.

309 4360 420 4412 felici..
435 4397 441 4410 .
462 4371 569 4427 petrono
589 4399 634 4414 ...
655 4379 762 4428 corpore
780 4363 972 4428 scaphariorum
985 4397 992 4412 .
1005 4398 1032 4411 ..
1051 4370 1077 4412 et
1097 4363 1247 4412 lioootorum
1264 4370 1290 4412 et
1302 4362 1453 4429 servorlum)

309 4441 499 4510 publiclorum).
