3180 5236
659 415 977 478 ·-36-

298 593 408 673 absque
420 592 536 654 delectu
548 611 622 670 quae
634 591 765 652 seniores
781 592 960 652 retulerant‘
973 591 1071 652 omnia
1086 590 1167 671 operi
1180 611 1235 652 suo
1247 591 1441 668 inseruit¹⁸²).

297 693 347 754 llle
370 692 461 770 igitur
483 691 689 770 Apollinarem,
713 690 833 752 natione
857 691 1086 764 Antiochenam,
1114 709 1180 752 cum
1206 691 1292 753 Petro
1315 691 1440 754 Romam

297 791 415 852 venisse
431 797 461 851 et
475 790 544 850 inde
561 790 728 851 llavennam
753 809 785 850 se
809 790 970 850 contulisse
986 797 1143 869 postquam
1161 789 1288 851 breviter
1311 791 1443 852 narravit

297 898 422 952 mortem
447 887 510 950 eius
533 888 576 950 sic
599 887 752 950 describit:
777 887 888 967 „igitur
909 888 1099 950 beatissimus
1116 888 1291 968 Apollinaris
1308 908 1374 950 cum
1392 890 1440 949 in-

295 989 375 1068 genti
392 988 521 1067 pendere
537 987 607 1049 ferri
624 987 656 1047 in
672 1005 820 1048 carcerem
839 988 946 1048 missus
963 994 1017 1060 est,
1036 1005 1097 1050 non
1113 988 1198 1065 longe
1213 989 1248 1048 ad
1266 988 1440 1066 Capitolium

295 1087 381 1148 istius
397 1087 552 1148 llarcnnae
568 1087 724 1148 civitatis.“
760 1086 840 1146 llaec
863 1093 924 1148 acta
948 1086 1110 1148 sinceriora
1134 1094 1163 1148 et
1186 1087 1350 1165 antiquiora
1375 1106 1441 1148 esse

295 1205 383 1265 quam
408 1204 483 1264 quae
506 1185 606 1246 statim
630 1185 800 1264 depromam
824 1204 912 1246 nemo
935 1203 995 1246 non
1016 1185 1135 1246 videbit.
1176 1184 1337 1263 Utramque
1360 1185 1440 1246 enim

295 1284 497 1346 narrationem
520 1284 545 1345 si
566 1285 630 1363 quis
652 1283 818 1352 contulerit,
850 1283 921 1364 quin
944 1285 975 1344 in
999 1284 1131 1363 longiore
1154 1303 1218 1344 vera
1242 1283 1442 1364 probabilibus

295 1393 325 1444 et
347 1384 486 1444 fabulosis
510 1382 598 1445 rebus
621 1391 754 1444 contexta
779 1382 911 1454 sintita,
941 1391 974 1444 nt
996 1391 1099 1445 aur-tor
1121 1383 1184 1444 eius
1206 1382 1340 1444 breviore
1363 1391 1442 1444 tam-

294 1501 382 1562 quam
398 1481 459 1542 basi
482 1500 553 1544 usus
575 1481 690 1544 mendis
712 1488 741 1542 et
758 1480 985 1544 narratiunculis
1003 1481 1186 1542 miraculosis
1204 1501 1267 1542 eam
1280 1481 1440 1554 refarciret,

294 1581 428 1642 dubitare
451 1597 511 1641 non
535 1581 655 1660 poterit.
690 1579 748 1640 Sed
770 1581 806 1640 ad
828 1580 920 1659 ipsius
944 1581 1088 1660 passionis
1111 1580 1198 1642 verba
1221 1580 1439 1659 aggrediamur:

294 1679 385 1750 „Cum
400 1687 548 1741 cresceret
560 1678 661 1758 opinio
673 1678 750 1741 beati
763 1679 940 1759 Apollinaris
954 1725 961 1739 .
976 1725 983 1738 .
999 1725 1005 1738 .
1018 1679 1186 1740 nuntiatum
1199 1686 1243 1740 cst
1255 1677 1292 1738 de
1305 1697 1339 1738 eo
1353 1677 1440 1738 iudici

295 1777 468 1845 Saturnino,
490 1777 540 1856 qui
563 1777 731 1856 producens
756 1797 824 1839 eum
848 1778 951 1838 statuit
968 1796 1037 1838 eum
1053 1786 1120 1838 ante
1136 1777 1291 1856 pontifices
1308 1776 1440 1855 Capitolii

295 1875 475 1936 Ravennatis
491 1884 520 1936 et
535 1875 727 1954 interrogavit
743 1895 810 1937 eum
827 1877 886 1938 dux
902 1877 973 1956 quid
990 1876 1075 1937 vellet
1090 1895 1166 1937 esse.
1202 1875 1254 1936 Cui
1270 1875 1440 1955 respoudit:

293 1973 386 2036 Filius
409 1973 461 2034 Dei
577 1974 630 2035 Cui
653 1975 711 2036 dur
734 1974 787 2035 ait:
816 1975 854 2036 Et
875 1975 938 2054 ipse
961 1983 989 2035 te
1014 1975 1093 2036 misit
1115 1976 1152 2038 ad
1174 1993 1238 2046 nos,
1262 1983 1296 2036 ut
1318 1993 1439 2036 evacues

276 2073 402 2153 templa
426 2072 552 2134 deorum
576 2070 772 2136 nostrorum?
801 2074 846 2134 An
870 2073 987 2152 ignoras
1008 2093 1124 2136 sacrum
1146 2092 1254 2136 nomen
1279 2074 1365 2146 loris,
1389 2073 1441 2153 qui

291 2189 416 2250 magnus
433 2181 478 2234 est
492 2172 641 2234 habitator
656 2172 789 2252 Capitolii
804 2172 894 2234 buius
910 2169 1056 2234 civitatis‘.l
1079 2173 1254 2252 Apollinaris
1269 2173 1439 2252 respondit:

294 2271 367 2344 Quis
390 2270 429 2330 sit
451 2269 598 2332 habitator
613 2269 718 2349 ignoro
736 2279 765 2333 et
781 2271 867 2350 quale
882 2271 1030 2351 templum
1046 2272 1152 2334 habeat
1167 2289 1227 2332 non
1243 2272 1321 2332 novi.
1349 2272 1442 2332 Aiunt

291 2368 461 2448 pontifices:
486 2369 599 2430 Veniet
614 2369 679 2430 vide
695 2387 835 2449 magnum
851 2370 996 2448 templum
1013 2378 1043 2430 et
1059 2369 1134 2432 mire
1149 2377 1323 2432 exornatum
1339 2369 1441 2449 ibique

292 2483 398 2528 cernas
420 2466 611 2530 simulacrum
635 2467 822 2530 invictissimi
846 2467 930 2528 lovis.
960 2468 1093 2548 Cumque
1109 2468 1246 2530 intrasset
1264 2461 1437 2548 Capitolium

292 2566 397 2627 beatus
413 2565 599 2645 Apollinaris,
622 2565 781 2628 subridens
804 2565 845 2627 ait
866 2559 1068 2646 pontificibus:
1093 2567 1150 2628 lsta
1166 2574 1247 2628 tanta
1262 2575 1438 2630 ornamenta

293 2683 379 2728 aurea
404 2673 434 2726 et
456 2675 595 2745 argentea
618 2665 725 2728 melius
747 2673 886 2746 poterant
912 2665 1092 2746 pauperibus
1122 2667 1242 2745 erogari
1259 2685 1346 2747 quam
1369 2675 1438 2728 ante

291 2772 484 2844 conspectum
512 2765 690 2828 daemonum
722 2765 861 2846 appendi.
905 2766 991 2828 Tunc
1019 2766 1169 2827 irruentes
1192 2765 1347 2845 pontifices
1368 2785 1438 2828 cum

291 2863 400 2944 populo
423 2883 513 2944 super
535 2883 604 2926 enm
627 2865 718 2926 nimia
747 2884 814 2926 eum
845 2865 933 2926 caede
957 2873 1159 2926 mactaverunt
1177 2909 1185 2926 .
1202 2909 1210 2924 .
1227 2909 1234 2924 .
1254 2911 1261 2924 .
1278 2866 1438 2928 Accersivit

290 2961 390 3041 itaque
412 2962 586 3026 Messalinus
607 2963 732 3025 vicarius
755 2963 786 3025 in
808 2964 991 3043 praetorium
1014 2983 1103 3026 suum
1126 2964 1324 3044 Apollinarem
1346 2971 1376 3025 ot
1398 2965 1438 3026 ait

290 3061 317 3122 ei
339 3079 438 3124 coram
462 3062 668 3126 sacerdotibus
685 3062 818 3144 Capitolii
835 3108 927 3126 .....
941 3063 1115 3126 Messalinus
1132 3064 1257 3125 vicarius
1280 3063 1367 3126 dixit:
1391 3063 1436 3124 Tu

290 3159 364 3220 mibi
385 3161 563 3240 persuadere
586 3181 646 3224 non
674 3171 774 3242 potes,
805 3170 839 3224 ut
867 3182 920 3242 ego
952 3163 1021 3224 deos
1049 3180 1158 3242 sequar
1184 3162 1316 3240 ignotos,
1346 3163 1435 3242 quia

289 3265 393 3320 senatu
416 3259 528 3338 recepti
551 3277 612 3320 non
628 3267 715 3336 sunt:
738 3261 788 3322 scd
813 3261 877 3322 istis
900 3261 1073 3341 postpositis
1088 3262 1193 3323 accede
1207 3262 1243 3322 ad
1259 3261 1434 3342 Capitolium

290 3364 319 3417 et
341 3357 479 3419 manibus
501 3358 561 3419 tuis
583 3376 663 3438 pone
685 3359 770 3421 thura
793 3377 899 3439 magno
923 3360 978 3421 deo
994 3359 1054 3422 lovi
1069 3359 1185 3422 tonanti
1199 3406 1205 3420 .
1219 3406 1226 3420 .
1240 3405 1247 3420 .
1259 3359 1434 3440 Apollinaris

289 3457 454 3536 respondit:
483 3458 547 3520 Jam
578 3477 626 3520 me
655 3457 833 3538 perductum
860 3458 891 3518 in
913 3459 1088 3538 Capitolium
1112 3459 1289 3532 existimato,
1311 3477 1434 3520 securus

289 3564 353 3617 esto
377 3557 444 3635 quia
469 3556 604 3619 manibus
627 3557 702 3618 meis
730 3558 817 3618 thura
847 3574 909 3618 non
937 3563 1077 3636 ponam.“
1122 3557 1232 3618 Deinde
1259 3557 1432 3619 inexilium

289 3654 397 3716 missus
420 3673 455 3716 ex
477 3655 600 3718 Thracia
622 3662 689 3735 post
710 3657 831 3716 tertium
855 3674 967 3717 annum
990 3655 1149 3718 revertitur
1171 3657 1352 3718 Ravennam.
1380 3655 1433 3716 Ubi

289 3767 357 3814 cum
382 3753 486 3816 missas
510 3755 629 3834 quando
651 3762 768 3816 teneret
790 3755 896 3816 seditio
924 3763 988 3816 orta
1017 3761 1061 3816 est
1091 3762 1141 3830 „et
1163 3755 1311 3817 irruentes
1334 3754 1433 3835 populi

290 3871 380 3932 super
402 3873 481 3926 eum,
503 3855 626 3932 ligatum
650 3854 685 3915 ad
708 3853 805 3915 forum
828 3854 1052 3934 perduxerunt.
1067 3900 1073 3913 .
1086 3854 1180 3925 Quem
1199 3854 1333 3916 videntes
1355 3872 1431 3934 pon·

288 3950 380 4012 tilices
396 3952 530 4033 Capitolii
552 3953 695 4032 indignati
718 3961 788 4016 sunt
811 3953 960 4014 dicentes:
984 3971 1045 4015 non
1069 3961 1115 4014 est
1137 3954 1244 4032 dignus
1267 3953 1324 4014 istc
1346 3971 1433 4032 prae-

287 4050 397 4111 sentari
420 4069 528 4132 magno
552 4051 606 4113 deo
629 4051 698 4130 lovi,
726 4052 794 4131 quia
817 4052 990 4130 frequenter
1012 4070 1079 4114 eum
1102 4051 1202 4126 illusit,
1232 4052 1283 4113 sed
1307 4052 1432 4114 ducatur

359 4285 401 4348 ¹⁸¹)
419 4284 450 4336 cl.
469 4285 615 4336 Bachiaium
633 4285 698 4353 apud
711 4286 835 4338 Moratur.
855 4285 876 4337 ll
898 4290 908 4338 1
929 4304 953 4354 p.
967 4288 990 4340 8.
1011 4289 1049 4342 10.
1069 4288 1100 4342 31
1120 4288 1250 4355 ipsumque
1262 4287 1432 4340 Mmatarium

285 4382 309 4432 p.
328 4365 352 4418 3.
388 4364 460 4431 Quod
478 4365 569 4418 Piniua
587 4367 614 4418 in
633 4375 746 4420 actorum
764 4369 946 4420 commentario
965 4370 1071 4436 praevio
1090 4369 1233 4436 disputavit
1250 4385 1282 4420 ex
1300 4371 1431 4422 Baccbinii

285 4444 446 4513 praelatione
465 4449 613 4515 descripsit.
