3180 5236
600 365 820 427 ..33-

131 563 233 624 quae
256 543 398 604 dicitur
425 542 463 603 in
493 542 684 623 Capitolio
713 546 752 613 (a.
778 541 887 616 1190),
921 541 959 602 in
987 537 1178 620 Capitolio
1211 557 1281 619 que

133 643 249 704 etiam
273 641 458 719 Odigitria
483 641 623 703 dicitur
647 641 686 720 (a.
706 638 874 719 1201)¹²⁰).

224 740 308 801 Nunc
334 740 519 801 transeamus
545 741 580 800 ad
607 759 658 800 eos
684 739 808 818 quires
834 737 1018 800 Florentinas
1043 736 1200 816 scripsere.
1242 739 1282 798 Ac

137 839 269 918 primum
286 839 403 918 quidem
420 838 603 899 nominanda
619 847 690 899 sunt
704 838 753 898 illa
775 837 950 898 chronica
973 838 1014 896 de
1030 837 1174 915 origine
1190 835 1283 897 eivi-

139 937 246 1007 tatis‚
273 956 347 1016 quae
369 937 420 1016 qui
444 937 644 1016 composuerit
665 935 723 996 dici
744 954 804 996 non
825 934 993 1015 potest¹²¹).
1039 936 1174 1008 Quorum
1189 935 1283 1013 scrip-

137 1045 233 1097 torem
250 1035 447 1115 posteriorem
464 1035 550 1095 initio
566 1035 675 1096 saeculi
690 1033 756 1094 Xlll
771 1051 833 1095 non
850 1035 950 1107 luisse,
970 1035 1038 1096 inde
1054 1033 1188 1115 sequitur
1204 1032 1283 1113 quod

139 1136 326 1196 Sanzanome
345 1132 441 1204 iudex,
465 1133 516 1212 qui
532 1143 625 1194 aetate
648 1133 735 1212 paulo
758 1130 881 1194 inferior
903 1143 956 1206 est,
981 1151 1049 1194 eum
1069 1142 1219 1194 auctorem
1235 1151 1284 1192 se-

140 1233 253 1312 quitur.
289 1231 354 1303 Qui,
377 1241 410 1292 ut
432 1242 495 1292 erat
518 1232 561 1292 vir
584 1232 653 1292 satis
677 1233 791 1303 doetus,
815 1251 847 1292 se
870 1231 1072 1293 monumentis
1095 1252 1149 1312 per
1171 1233 1284 1294 litteras

142 1329 258 1391 traditis
271 1349 356 1390 usum
371 1350 435 1390 esse
447 1330 511 1409 ipse
523 1331 680 1410 profitetur
690 1329 754 1408 ¹²²).
778 1330 819 1390 lle
832 1330 973 1409 Capitolio
989 1339 1077 1411 etque
1090 1333 1125 1392 de
1136 1333 1284 1392 Florentia

141 1428 260 1492 condita
287 1428 435 1502 chronica,
459 1448 533 1508 quae
557 1429 634 1507 epod
651 1429 843 1506 llertwigium
866 1430 884 1488 l.
901 1430 921 1489 l.
936 1429 1031 1492 tribus
1055 1431 1204 1491 codicibus
1226 1431 1286 1490 im-

141 1546 244 1608 pressa
260 1536 386 1598 exstant,
410 1528 467 1587 lmc
488 1526 699 1607 referunt¹²⁸):
722 1528 779 1598 „Et
802 1528 840 1588 ita
858 1527 915 1588 fuit
930 1529 1079 1590 destructa
1096 1529 1197 1589 civitas
1213 1529 1286 1589 Fae-

142 1627 225 1688 sulae
248 1635 278 1685 et
294 1643 330 1686 ex
345 1625 486 1686 Romanis
509 1635 538 1686 et
552 1627 723 1688 Faesulanis
739 1634 784 1688 est
800 1626 854 1688 elia
870 1623 970 1688 civitas
985 1627 1062 1688 lecta
1078 1645 1166 1706 quam
1184 1627 1288 1690 Caesar

142 1743 200 1784 suo
216 1724 336 1786 nomine
353 1724 466 1784 volebat
481 1725 646 1786 Caesarium
663 1727 815 1805 appellare.
862 1725 1057 1787 senatoribus
1073 1735 1101 1786 et
1116 1727 1287 1788 consulibus

143 1824 348 1884 Romanorum
368 1841 428 1882 non
444 1824 686 1902 permittentibus
701 1831 878 1896 statuerunt,
901 1826 980 1904 quod
997 1843 1074 1886 unus
1089 1843 1125 1886 ex
1139 1826 1287 1886 nobilibus

143 1921 255 1982 civibus
279 1921 482 1982 Romanorum
513 1940 615 1983 muros
647 1922 772 1984 civitatis
795 1923 914 1984 deberet
935 1923 999 1984 lieri
1022 1923 1119 1984 lacere
1142 1931 1170 1982 et
1193 1931 1289 1984 turres

145 2038 215 2081 cum
238 2021 389 2098 depressas
412 2038 466 2098 per
487 2020 583 2100 girum
607 2040 762 2082 murorum
785 2021 909 2082 civitatis
932 2022 1098 2101 praedictae
1126 2022 1161 2082 ad
1184 2021 1289 2082 simili-

146 2119 280 2180 tudinem
303 2119 394 2202 urbis¹
409 2119 530 2180 Romae.
576 2121 658 2180 Alius
682 2139 751 2181 vero
774 2121 894 2181 deberet
915 2121 978 2182 fieri
1001 2125 1099 2181 lacere
1115 2119 1287 2198 Capitolium

147 2217 224 2279 sicut
247 2227 309 2278 erat
331 2218 361 2278 in
377 2218 450 2278 urbe
465 2218 607 2279 Romana.
641 2219 678 2278 m
693 2237 784 2298 quum
801 2219 874 2278 haec
890 2218 989 2280 omnia
1004 2219 1136 2278 aedilicia
1151 2235 1211 2278 uno
1228 2229 1290 2279 ter-

149 2317 231 2378 mino
247 2325 276 2376 et
292 2316 339 2376 die
354 2318 389 2377 ad
406 2318 494 2378 linem
512 2318 749 2396 perducerentur
763 2317 863 2379 civitas
879 2319 950 2380 baec
964 2337 1051 2396 parva
1065 2318 1190 2380 Romula
1203 2336 1290 2378 voea-

147 2415 236 2476 betur
258 2433 350 2494 quum
374 2433 486 2476 nomen
509 2416 628 2495 aliquod
651 2435 712 2478 000
733 2416 881 2476 haberet“.
920 2416 1097 2494 Quingentis
1113 2417 1198 2477 armis
1213 2423 1291 2495 post,

146 2523 275 2592 pergunt
291 2514 429 2575 chronica
446 2534 473 2594 p.
492 2515 541 2586 57,
564 2514 700 2588 Totilam‚
724 2516 870 2592 flagellum
888 2515 947 2586 Dei,
971 2515 1151 2576 Florentiam
1175 2515 1291 2575 venisse

148 2631 273 2692 eamque
296 2613 458 2674 obsedisse.
509 2613 565 2686 Qui
589 2631 656 2674 cum
681 2615 782 2674 urbem
807 2615 856 2674 diu
880 2623 1079 2693 oppugnatam
1103 2633 1208 2693 capere
1230 2628 1292 2674 non

92 2706 109 2732 '
150 2720 259 2789 posset,
283 2711 440 2772 amicitiam
464 2730 532 2772 oum
548 2711 651 2772 incolis
667 2731 698 2772 se
713 2712 884 2772 habiturum
901 2713 981 2792 quod
997 2713 1173 2784 simulasset,
1196 2711 1292 2771 intro-

149 2809 224 2868 itum
242 2808 322 2870 urbis
339 2809 364 2870 ei
380 2829 554 2871 concessum
572 2829 650 2871 esse:
669 2811 726 2883 „Et
740 2829 794 2890 per
811 2812 930 2888 longum
946 2819 1065 2890 tempus
1081 2811 1112 2871 in
1129 2829 1194 2871 eam
1211 2807 1294 2870 stetit

148 3006 290 3068 habitatio
313 3007 383 3066 dieti
406 3007 491 3084 regis.
529 3007 642 3068 Subtus
665 3008 745 3087 quod
760 3008 935 3087 Capitolium
958 3027 1034 3086 aqua
1056 3005 1187 3068 fluminis
1209 3005 1295 3067 Sarni

151 3105 278 3182 quodam
301 3105 364 3164 rivo
388 3105 574 3167 artificialiter
601 3105 775 3167 ducebatur.
819 3107 855 3166 Et
882 3124 975 3186 quum
1002 3105 1130 3184 pessima
1158 3103 1294 3182 cogitatio

142 3201 324 3262 ascenderet
346 3202 375 3262 io
399 3222 450 3264 cor
472 3203 533 3264 eius
556 3205 639 3265 misit
660 3205 700 3266 ita
723 3206 802 3285 quod
825 3204 973 3264 nesciebat
990 3222 1067 3265 unus
1082 3204 1119 3263 de
1134 3202 1226 3262 altero
1241 3219 1295 3280 pro

153 3339 203 3389 vol.
222 3338 256 3390 lV
275 3355 298 3404 p.
316 3340 371 3391 159.
408 3341 443 3390 At
460 3341 513 3391 vol.
531 3341 578 3393 Vll
596 3358 619 3408 p.
634 3342 691 3406 311,
711 3341 755 3391 ubi
774 3344 803 3392 ad
815 3343 862 3390 hoc
875 3341 989 3406 respicit,
1007 3338 1296 3399 0000010010011007,

152 3437 200 3485 qua
219 3436 248 3470 re
267 3423 376 3470 alterurn
395 3429 478 3472 utrum
496 3425 611 3473 mendum
629 3425 841 3491 typographicum
860 3439 916 3472 esse
929 3429 1038 3488 oportet.
1078 3427 1212 3472 Auctorem
1224 3435 1296 3485 quem

152 3502 234 3565 effert,
252 3503 329 3567 Leop.
351 3502 485 3565 Miglorem
503 3531 536 3541 -
556 3506 662 3570 scripsit
680 3507 726 3556 ille
746 3503 956 3556 e.1654librum
975 3504 1004 3554 de
1016 3502 1151 3554 Florentio
1163 3502 1296 3552 illustram

152 3611 184 3621 -
203 3590 232 3633 ut
252 3583 350 3633 adirem
368 3583 425 3636 ficri
443 3601 491 3634 000
510 3586 603 3650 potuit,
622 3603 677 3636 oum
695 3587 762 3636 liber
781 3587 837 3635 elus
852 3591 981 3650 tamquam
999 3584 1146 3634 rarissimus
1160 3599 1209 3634 000
1222 3597 1297 3647 saepo

153 3666 177 3714 iu
196 3665 359 3716 bibliothecis
378 3665 470 3716 obvius
488 3667 541 3717 liat.

221 3747 264 3808 ¹²⁰)
284 3747 302 3796 i.
322 3762 344 3796 0.
363 3742 518 3816 ὁδηγήτρια.
555 3747 602 3800 Vd.
615 3749 684 3798 arob.
699 3755 761 3798 stur.
775 3745 831 3798 ltal.
846 3745 878 3798 lll
890 3762 941 3796 ser.
960 3747 994 3808 (a.
1010 3745 1085 3804 1863)
1104 3752 1163 3794 tom.
1179 3744 1200 3794 ll
1219 3761 1241 3809 p.
1255 3745 1295 3793 71.

154 3853 186 3863 -
204 3825 297 3876 Riccba
315 3828 332 3879 l.
351 3845 372 3877 c.
400 3829 451 3878 vol.
474 3827 517 3880 Vll
540 3846 563 3894 p.
583 3829 632 3879 319
659 3857 693 3864 -
727 3827 799 3879 Lami
822 3827 927 3878 Lezioui
950 3827 976 3876 di
1000 3821 1124 3875 enticbitd
1147 3823 1261 3876 Toscane
1284 3841 1299 3875 a

63 3973 65 3977 ι
154 3907 333 3973 specirlmente
353 3909 422 3960 della
440 3906 493 3960 citi
511 3910 539 3959 di
552 3891 661 3960 8100οί0
680 3927 704 3976 p.
718 3911 749 3960 67
761 3924 798 3974 sq.
810 3935 845 3946 -
862 3906 973 3958 Ferreus
991 3905 1105 3958 Histoire
1123 3907 1154 3956 de
1173 3905 1298 3957 Florenee

153 3987 239 4053 (Paris
260 3989 334 4053 1877)
352 3989 363 4042 l
380 4007 403 4056 p.
416 3993 459 4041 40.

221 4071 266 4136 ¹²¹)
284 4070 315 4122 el'.
326 4072 597 4124 Scheffer-Boicborst.
616 4072 781 4124 Florentium
791 4072 897 4124 Studien
910 4072 979 4140 Lips.
989 4071 1054 4125 1874
1066 4071 1164 4122 010110
1174 4069 1299 4134 Hertwig.

155 4152 260 4218 Quellen
271 4170 296 4203 0.
306 4153 484 4216 Forschuogen
498 4169 544 4202 zur
557 4155 669 4204 illesten
680 4153 831 4206 Gescbicbte
843 4156 865 4204 d.
877 4153 1070 4204 summersae
1082 4151 1215 4215 Mrrburgi
1227 4151 1299 4201 1875.

221 4235 266 4297 ¹²²)
284 4232 316 4284 el.
335 4235 461 4298 llurtwig.
480 4234 498 4284 1.
517 4253 539 4284 0.
559 4251 581 4300 p.
595 4234 636 4285 61.
655 4233 725 4288 XVl.
762 4235 867 4286 Priores
879 4235 949 4286 inter
961 4241 1081 4284 auctores
1095 4249 1157 4298 quos
1169 4229 1301 4298 amplexus

156 4323 195 4367 est
212 4315 319 4366 Paulum
338 4316 477 4367 Diaconum
494 4314 575 4366 luisse
593 4317 640 4368 ille
659 4317 825 4370 demonstret.

225 4397 266 4462 00)
284 4397 326 4450 νᾶ,
346 4414 369 4464 p,
390 4398 481 4463 543q,3
500 4395 532 4448 cf,
551 4413 607 4463 pag.
625 4396 841 4451 xxlx-XLlll.

1125 4481 1142 4538 3
