3180 5236
28 4933 45 5193 l

624 393 841 453 ..79-

159 589 224 630 eam
248 587 311 630 non
334 568 430 628 solum
452 567 586 628 moribus
601 566 872 646 institutisque‘sed
888 567 975 628 etiam
992 565 1195 626 monumentis
1212 571 1302 624 totam

159 669 327 747 exprimere
354 663 578 745 studerentlll).
630 666 724 738 Quam
755 666 876 726 obrem
901 683 1020 725 summo
1042 663 1078 726 iis
1101 671 1164 725 erat
1187 663 1303 736 honori,

158 767 184 828 si
214 767 302 827 altera
331 765 375 826 vel
404 764 533 825 secunda
565 765 656 825 Roma
690 763 925 843 appellabantur,
956 763 1065 842 quippe
1095 781 1171 842 quae
1202 763 1304 824 melius

159 885 221 928 non
250 873 374 944 possent
401 864 525 924 laudari.
571 864 630 924 Nec
659 881 727 922 casu
758 863 846 941 igitur
870 867 978 924 tactum
1009 879 1074 922 esse
1096 869 1184 940 puto,
1216 869 1248 922 ut
1270 880 1304 920 ex

159 965 233 1044 ipsis
256 964 474 1044 provinciarum
498 963 614 1042 oppidis
639 961 787 1041 primariis
811 961 1021 1040 Capitoliorum
1051 960 1218 1020 testimonia
1242 967 1304 1019 tra-

158 1064 219 1124 dita
236 1063 408 1134 habeamus,
421 1079 487 1122 cum
504 1062 580 1122 intra
598 1079 667 1122 suos
683 1061 759 1120 lines
775 1079 829 1138 pro
845 1061 935 1121 altera
949 1059 1075 1139 quadam
1089 1068 1190 1120 esseut
1205 1058 1304 1118 Roma.

245 1161 305 1222 lam
329 1179 399 1221 vcro
420 1159 612 1238 relinquitur,
640 1167 675 1220 ut
696 1160 840 1238 originem
866 1159 941 1219 illius
965 1159 1061 1218 cultus
1084 1157 1185 1236 paucis
1207 1157 1305 1216 verbis

158 1261 359 1331 illustremus3
390 1259 441 1339 qui
469 1259 548 1319 unde
572 1267 655 1318 ortus
683 1260 721 1319 sit
748 1258 856 1318 mirum
880 1265 1024 1337 quantum
1049 1257 1103 1317 viri
1126 1257 1205 1318 docti
1229 1257 1307 1316 inter

159 1380 194 1421 se
217 1359 408 1420 dissentiunt.
448 1357 501 1417 dlii
526 1357 605 1417 enim
629 1357 720 1417 totius
738 1357 835 1416 ltaliae
859 1374 1049 1417 communem
1074 1375 1204 1435 eumque
1227 1355 1307 1416 anti-

159 1458 340 1537 quissimum
369 1475 435 1517 esse
463 1455 646 1526 existimant,
677 1455 725 1516 alii
754 1456 865 1515 cultum
890 1475 904 1516 a
928 1455 1048 1527 Tuscis,
1080 1455 1126 1514 alii
1150 1473 1165 1513 a
1190 1455 1306 1514 Sabinis

160 1556 309 1634 originem
332 1555 451 1615 duxisse
466 1563 496 1614 et
511 1554 581 1614 inde
598 1555 720 1614 Romam
738 1554 893 1614 advectum
910 1571 974 1614 esse
990 1555 1102 1614 volunt.
1139 1553 1178 1613 dc
1193 1553 1306 1632 primus

159 1655 281 1735 quidem
310 1654 512 1714 nominandus
541 1663 587 1713 est
615 1654 649 1713 H.
672 1653 834 1725 Nissenius,
866 1653 925 1732 qui,
955 1671 1023 1712 cum
1047 1653 1158 1712 cultum
1182 1659 1307 1712 aetatem

161 1755 365 1814 Romanorum
394 1770 535 1831 superare
565 1751 620 1812 sibi
649 1753 842 1830 persuadeat,
877 1751 918 1812 sic
948 1751 1010 1810 lere
1039 1751 1076 1810 de
1104 1751 1217 1825 origine
1244 1750 1308 1810 eius

161 1849 354 1924 disserit³⁰¹lt
380 1850 456 1922 „llas
479 1850 599 1928 Symbol
623 1851 675 1910 der
697 1850 728 1910 in
752 1851 814 1910 drei
839 1850 945 1910 Tribus
966 1849 1162 1909 zerfallenden
1179 1850 1308 1927 Burgar-

159 1951 257 2012 schalt
280 1950 317 2009 ist
339 1949 391 2008 der
414 1947 636 2028 capitolinisobe
658 1949 783 2029 Jupiter.
827 1949 901 2008 Eine
925 1948 1004 2021 urbs,
1033 1949 1060 2008 d.
1078 1949 1106 2008 h.
1130 1948 1178 2009 ein
1200 1966 1307 2008 souve-

160 2055 250 2110 rainer
272 2049 352 2108 Staat
380 2047 456 2106 kann
487 2047 568 2107 nicht
598 2048 675 2107 ohne
705 2047 792 2108 einen
816 2047 937 2126 Tempel
968 2047 1125 2108 desselben
1151 2047 1309 2117 bestebcn3

162 2148 243 2208 deun
273 2166 305 2206 so
334 2147 374 2206 ist
402 2146 536 2206 ollenbav
562 2147 609 2206 die
637 2146 794 2207 Nacbricbt
821 2147 872 2207 des
901 2147 1021 2207 Servius
1051 2165 1087 2206 zu
1110 2149 1192 2224 Verg.
1210 2145 1310 2205 Aenl

164 2245 226 2305 422
260 2264 297 2306 zu
333 2245 578 2323 interpreticren:
624 2246 832 2324 prudentes
868 2246 1046 2306 Etruscae
1079 2244 1309 2324 disciplinae

168 2345 273 2404 aiunt
307 2344 399 2422 apud
434 2344 655 2404 conditores
689 2344 928 2406 Etruscarum
964 2343 1109 2404 urbium
1142 2361 1214 2404 non
1244 2361 1311 2422 pu-

166 2451 263 2503 tatas
293 2442 414 2502 iustas
442 2443 566 2512 urbeS,
594 2443 630 2504 in
661 2442 799 2522 quibus
821 2461 896 2504 non
927 2452 1001 2503 tres
1023 2452 1150 2522 portae
1180 2450 1311 2502 essent

163 2542 356 2601 dedicatae
386 2551 421 2601 et
450 2542 610 2613 votivae,
641 2551 677 2601 et
706 2549 759 2602 tot
782 2542 922 2622 templa
945 2541 1040 2601 lovis
1065 2541 1223 2602 lunonis
1246 2541 1310 2601 Mi-

163 2659 284 2700 nerva.
330 2637 448 2699 Ebenso
472 2639 573 2700 Vitruv
598 2640 609 2698 l
634 2641 667 2699 7:
706 2641 860 2702 aedibus
884 2659 968 2700 vero
996 2639 1124 2712 sacris,
1149 2657 1309 2720 quorum

164 2740 314 2799 deorum
345 2737 500 2798 maxime
528 2738 703 2799 intutela
727 2740 861 2801 civitas
885 2740 1155 2809 videturesse,
1180 2738 1312 2799 etlovi

165 2847 202 2897 et
240 2837 379 2897 lunoni
418 2845 456 2896 et
488 2835 671 2898 Minervae
706 2837 743 2896 in
782 2837 1037 2900 excelsissimo
1077 2839 1177 2908 loco,
1216 2838 1311 2898 unde

166 2935 355 2996 moenium
400 2935 554 2996 maxima
596 2955 677 3014 pars
725 2938 998 3017 conspiciatur,
1036 2955 1143 2998 areae
1182 2938 1313 2999 distri-

165 3033 355 3094 buantuv“.
400 3033 551 3094 llactenus
581 3034 743 3096 Nissenius.
798 3037 940 3108 Quisnam
971 3036 1028 3096 fuit
1064 3037 1113 3096 ille
1143 3033 1313 3098 Vitruvius?

166 3131 236 3193 Fuit
268 3132 444 3193 architectus
479 3133 648 3204 Romanus,
676 3135 728 3213 qui
760 3135 842 3196 iussu
873 3135 996 3213 Augusti
1025 3145 1205 3197 camertem
1230 3155 1311 3197 exer-

166 3231 259 3291 cebat
305 3231 461 3302 Quomodo
492 3231 582 3310 igitur
612 3232 678 3310 quis
711 3234 774 3294 eius
799 3253 832 3294 ex
858 3233 955 3294 verbis
978 3235 1090 3295 cultum
1115 3234 1312 3314 Capitolinum

168 3329 411 3408 antiquissimum
436 3349 502 3391 esse
525 3330 641 3390 efficere
665 3332 743 3402 velit,
768 3351 820 3411 ego
844 3332 964 3412 quidem
987 3333 1150 3412 intelligere
1167 3351 1228 3394 non
1245 3353 1313 3412 pos-

168 3447 243 3488 sum.
288 3428 420 3489 Primum
438 3430 518 3490 enim
535 3429 583 3488 ille
600 3448 660 3490 non
678 3431 795 3510 scripsit
811 3432 847 3491 de
863 3432 1057 3494 architectura
1073 3433 1182 3504 ltaliae,
1206 3433 1313 3493 deinde

167 3526 195 3586 id
219 3535 425 3606 pracceptum,
456 3529 534 3607 quod
558 3545 619 3587 non
641 3549 758 3609 semper
781 3538 950 3610 respectum
974 3551 1037 3591 osse
1071 3550 1158 3610 supra
1188 3531 1315 3591 demon-

170 3627 336 3701 stravimus,
360 3647 375 3687 a
399 3629 535 3690 Romano
559 3629 700 3708 Capitolio
724 3628 855 3689 deduxit.
900 3630 977 3702 Quid
1009 3627 1125 3691 multa?
1161 3631 1246 3691 lllum
1278 3631 1314 3690 de

171 3726 318 3806 Capitoliis
341 3727 438 3788 ltaliae
467 3728 596 3807 antiquis
626 3728 782 3806 cogitasse,
814 3746 870 3807 qua
899 3737 962 3789 erat
989 3729 1124 3790 omnium
1154 3747 1254 3790 rerum
1278 3729 1312 3789 ad

170 3833 264 3886 artem
289 3844 371 3886 suam
389 3843 450 3887 non
467 3827 679 3905 pertinentium
696 3845 813 3888 summa
828 3826 957 3898 inscitia,
980 3844 1068 3886 nenio
1090 3826 1174 3887 facile
1189 3827 1315 3888 demon·

169 3925 315 3988 straverit.
361 3924 405 3984 bd
428 3925 522 3986 Servii
546 3927 633 3988 verba
649 3927 728 4006 quod
751 3926 867 3998 attinet,
890 3925 938 3986 illa
960 3943 976 3985 a
999 3924 1068 3985 viris
1091 3925 1184 3986 doctis
1200 3925 1315 4006 saepius

68 4077 74 4098 ,
171 4022 206 4082 ad
235 4031 334 4101 partes
362 4031 463 4083 vocata
493 4041 580 4103 quam
609 4024 758 4086 intellecta
789 4024 930 4084 videntur
960 4043 1034 4084 csse.
1089 4024 1199 4084 Eorum
1235 4025 1315 4086 enim

172 4121 280 4182 auxilio
313 4122 387 4182 alius
417 4121 494 4184 aliud
525 4142 557 4184 se
591 4125 795 4184 demonstrare
821 4141 908 4202 posse
935 4122 1112 4201 imaginatus
1144 4131 1197 4184 est.
1243 4123 1316 4185 Tres

170 4228 283 4300 portas,
306 4239 432 4300 quarum
454 4221 504 4282 ille
527 4223 672 4295 meminit,
696 4223 812 4294 omitto,
836 4240 903 4282 cum
928 4240 1027 4301 neque
1050 4221 1137 4282 Ottlr.
1158 4221 1316 4284 Muellerus

240 4355 283 4417 ³⁰⁰)
302 4353 494 4416 Friedlaender,
513 4354 684 4420 Sittengesob.
704 4353 752 4405 lll⁶
771 4355 828 4406 169.

179 4443 181 4447 '
240 4435 286 4498 ⁸⁰¹)
304 4431 402 4501 Templ.
421 4452 444 4502 p.
466 4437 514 4487 145
534 4435 575 4502 (cf.
594 4453 617 4503 p.
631 4437 687 4500 88),
706 4437 778 4489 Stnd.
797 4436 881 4504 Pomp.
901 4452 924 4502 p.
943 4435 992 4486 320
1003 4451 1054 4503 sqq.
