<?xml version="1.0" encoding="UTF-8"?>
<!DOCTYPE html PUBLIC "-//W3C//DTD XHTML 1.0 Transitional//EN"
    "http://www.w3.org/TR/xhtml1/DTD/xhtml1-transitional.dtd">
<html xmlns="http://www.w3.org/1999/xhtml" xml:lang="en" lang="en">
 <head>
  <title>
</title>
<meta http-equiv="Content-Type" content="text/html;charset=utf-8" />
  <meta name='ocr-system' content='tesseract 3.04.00' />
  <meta name='ocr-capabilities' content='ocr_page ocr_carea ocr_par ocr_line ocrx_word'/>
</head>
<body>
  <div class='ocr_page' id='page_1' title='image "./decapitoliisimp00kuhfgoog_0049.png"; bbox 0 0 3180 5236; ppageno 0'>
   <div class='ocr_carea' id='block_1_1' title="bbox 775 365 997 426">
    <p class='ocr_par' dir='ltr' id='par_1_1' title="bbox 775 365 997 426">
     <span class='ocr_line' id='line_1_1' title="bbox 775 365 997 426; baseline 0.005 -16"><span class='ocrx_word' id='word_1_1' title='bbox 775 365 997 426; x_wconf 54' lang='lat'><strong>„44-</strong></span> 
     </span>
    </p>
   </div>
   <div class='ocr_carea' id='block_1_2' title="bbox 310 527 1585 722">
    <p class='ocr_par' dir='ltr' id='par_1_2' title="bbox 310 527 1585 722">
     <span class='ocr_line' id='line_1_2' title="bbox 311 527 1585 625; baseline -0.003 -19"><span class='ocrx_word' id='word_1_2' title='bbox 311 545 407 625; x_wconf 87' lang='lat' dir='ltr'><strong>quella</strong></span> <span class='ocrx_word' id='word_1_3' title='bbox 431 544 460 604; x_wconf 93' lang='lat' dir='ltr'><strong>di</strong></span> <span class='ocrx_word' id='word_1_4' title='bbox 483 544 571 605; x_wconf 89' lang='lat' dir='ltr'><strong>dritta</strong></span> <span class='ocrx_word' id='word_1_5' title='bbox 594 561 649 622; x_wconf 90' lang='lat' dir='ltr'><strong>per</strong></span> <span class='ocrx_word' id='word_1_6' title='bbox 677 543 705 604; x_wconf 90' lang='lat' dir='ltr'><strong>le</strong></span> <span class='ocrx_word' id='word_1_7' title='bbox 727 561 796 604; x_wconf 90' lang='lat' dir='ltr'><strong>eose</strong></span> <span class='ocrx_word' id='word_1_8' title='bbox 820 561 916 616; x_wconf 82' lang='lat' dir='ltr'><strong>sacre,</strong></span> <span class='ocrx_word' id='word_1_9' title='bbox 943 541 1034 605; x_wconf 90' lang='lat' dir='ltr'><strong>l&#39;altra</strong></span> <span class='ocrx_word' id='word_1_10' title='bbox 1063 562 1077 602; x_wconf 93' lang='lat' dir='ltr'><strong>a</strong></span> <span class='ocrx_word' id='word_1_11' title='bbox 1107 541 1226 604; x_wconf 89' lang='lat' dir='ltr'><strong>sinistra</strong></span> <span class='ocrx_word' id='word_1_12' title='bbox 1256 560 1310 621; x_wconf 90' lang='lat' dir='ltr'><strong>per</strong></span> <span class='ocrx_word' id='word_1_13' title='bbox 1336 541 1364 603; x_wconf 93' lang='lat' dir='ltr'><strong>le</strong></span> <span class='ocrx_word' id='word_1_14' title='bbox 1390 560 1469 604; x_wconf 88' lang='lat' dir='ltr'><strong>cose</strong></span> <span class='ocrx_word' id='word_1_15' title='bbox 1584 527 1585 576; x_wconf 73' lang='lat' dir='ltr'><strong>l</strong></span> 
     </span>
     <span class='ocr_line' id='line_1_3' title="bbox 310 641 1467 722; baseline -0.003 -17"><span class='ocrx_word' id='word_1_16' title='bbox 310 643 395 714; x_wconf 85' lang='lat' dir='ltr'><strong>civili,</strong></span> <span class='ocrx_word' id='word_1_17' title='bbox 418 644 445 703; x_wconf 94' lang='lat' dir='ltr'><strong>la</strong></span> <span class='ocrx_word' id='word_1_18' title='bbox 467 650 548 703; x_wconf 89' lang='lat' dir='ltr'><strong>terza</strong></span> <span class='ocrx_word' id='word_1_19' title='bbox 570 661 624 722; x_wconf 92' lang='lat' dir='ltr'><strong>per</strong></span> <span class='ocrx_word' id='word_1_20' title='bbox 646 643 672 702; x_wconf 91' lang='lat' dir='ltr'><strong>le</strong></span> <span class='ocrx_word' id='word_1_21' title='bbox 688 641 816 715; x_wconf 91' lang='lat' dir='ltr'><strong>militari,</strong></span> <span class='ocrx_word' id='word_1_22' title='bbox 840 643 1000 704; x_wconf 81' lang='lat' dir='ltr'><strong>ancorachd</strong></span> <span class='ocrx_word' id='word_1_23' title='bbox 1015 647 1093 704; x_wconf 91' lang='lat' dir='ltr'><strong>tutto</strong></span> <span class='ocrx_word' id='word_1_24' title='bbox 1115 642 1140 702; x_wconf 91' lang='lat' dir='ltr'><strong>si</strong></span> <span class='ocrx_word' id='word_1_25' title='bbox 1155 659 1242 720; x_wconf 89' lang='lat' dir='ltr'><strong>possa</strong></span> <span class='ocrx_word' id='word_1_26' title='bbox 1258 641 1467 703; x_wconf 87' lang='lat' dir='ltr'><strong>considerarlo</strong></span> 
     </span>
    </p>
   </div>
   <div class='ocr_carea' id='block_1_3' title="bbox 309 739 1585 920">
    <p class='ocr_par' dir='ltr' id='par_1_3' title="bbox 309 739 1585 920">
     <span class='ocr_line' id='line_1_4' title="bbox 310 739 1585 822; baseline -0.002 -19"><span class='ocrx_word' id='word_1_27' title='bbox 310 760 401 822; x_wconf 91' lang='lat' dir='ltr'><strong>opere</strong></span> <span class='ocrx_word' id='word_1_28' title='bbox 423 741 552 802; x_wconf 90' lang='lat' dir='ltr'><strong>militari.</strong></span> <span class='ocrx_word' id='word_1_29' title='bbox 597 739 670 801; x_wconf 89' lang='lat' dir='ltr'><strong>Nell&#39;</strong></span> <span class='ocrx_word' id='word_1_30' title='bbox 693 741 767 802; x_wconf 83' lang='lat' dir='ltr'><strong>Area</strong></span> <span class='ocrx_word' id='word_1_31' title='bbox 790 759 881 812; x_wconf 88' lang='lat' dir='ltr'><strong>sacra,</strong></span> <span class='ocrx_word' id='word_1_32' title='bbox 912 741 1072 820; x_wconf 76' lang='lat' dir='ltr'><strong>pressocbb</strong></span> <span class='ocrx_word' id='word_1_33' title='bbox 1094 742 1142 801; x_wconf 92' lang='lat' dir='ltr'><strong>nel</strong></span> <span class='ocrx_word' id='word_1_34' title='bbox 1165 747 1268 801; x_wconf 90' lang='lat' dir='ltr'><strong>centro</strong></span> <span class='ocrx_word' id='word_1_35' title='bbox 1292 740 1419 802; x_wconf 86' lang='lat' dir='ltr'><strong>alzavasi</strong></span> <span class='ocrx_word' id='word_1_36' title='bbox 1446 740 1469 800; x_wconf 95' lang='lat' dir='ltr'><strong>il</strong></span> <span class='ocrx_word' id='word_1_37' title='bbox 1584 751 1585 822; x_wconf 46' lang='grc' dir='ltr'>ζ</span> 
     </span>
     <span class='ocr_line' id='line_1_5' title="bbox 309 839 1585 920; baseline -0.002 -18"><span class='ocrx_word' id='word_1_38' title='bbox 309 841 422 920; x_wconf 90' lang='lat' dir='ltr'><strong>tempio</strong></span> <span class='ocrx_word' id='word_1_39' title='bbox 445 840 520 901; x_wconf 91' lang='lat' dir='ltr'><strong>delle</strong></span> <span class='ocrx_word' id='word_1_40' title='bbox 543 839 665 900; x_wconf 81' lang='lat' dir='ltr'><strong>divinita</strong></span> <span class='ocrx_word' id='word_1_41' title='bbox 688 839 847 918; x_wconf 90' lang='lat' dir='ltr'><strong>capitoline</strong></span> <span class='ocrx_word' id='word_1_42' title='bbox 869 858 957 918; x_wconf 93' lang='lat' dir='ltr'><strong>sopra</strong></span> <span class='ocrx_word' id='word_1_43' title='bbox 980 841 1106 913; x_wconf 91' lang='lat' dir='ltr'><strong>zoccolo,</strong></span> <span class='ocrx_word' id='word_1_44' title='bbox 1130 847 1302 900; x_wconf 88' lang='lat' dir='ltr'><strong>sostenente</strong></span> <span class='ocrx_word' id='word_1_45' title='bbox 1324 839 1469 900; x_wconf 90' lang='lat' dir='ltr'><strong>collonne</strong></span> <span class='ocrx_word' id='word_1_46' title='bbox 1584 845 1585 856; x_wconf 63' lang='lat'><em>³</em></span> 
     </span>
    </p>
   </div>
   <div class='ocr_carea' id='block_1_4' title="bbox 309 937 1469 2104">
    <p class='ocr_par' dir='ltr' id='par_1_4' title="bbox 309 937 1469 1412">
     <span class='ocr_line' id='line_1_6' title="bbox 310 937 1469 1016; baseline -0.003 -15"><span class='ocrx_word' id='word_1_47' title='bbox 310 939 433 1001; x_wconf 87' lang='lat' dir='ltr'><strong>corintio</strong></span> <span class='ocrx_word' id='word_1_48' title='bbox 456 939 643 1011; x_wconf 85' lang='lat' dir='ltr'><strong>scannellate,</strong></span> <span class='ocrx_word' id='word_1_49' title='bbox 667 957 723 999; x_wconf 94' lang='lat' dir='ltr'><strong>con</strong></span> <span class='ocrx_word' id='word_1_50' title='bbox 746 937 900 998; x_wconf 86' lang='lat' dir='ltr'><strong>bellissimi</strong></span> <span class='ocrx_word' id='word_1_51' title='bbox 922 938 1057 1016; x_wconf 76' lang='lat' dir='ltr'><strong>capitelli.</strong></span> <span class='ocrx_word' id='word_1_52' title='bbox 1104 938 1127 998; x_wconf 99' lang='lat' dir='ltr'><strong>ll</strong></span> <span class='ocrx_word' id='word_1_53' title='bbox 1155 937 1267 1016; x_wconf 93' lang='lat' dir='ltr'><strong>tempio</strong></span> <span class='ocrx_word' id='word_1_54' title='bbox 1294 957 1345 998; x_wconf 90' lang='lat' dir='ltr'><strong>era</strong></span> <span class='ocrx_word' id='word_1_55' title='bbox 1375 945 1469 998; x_wconf 86' lang='lat' dir='ltr'><strong>atre</strong></span> 
     </span>
     <span class='ocr_line' id='line_1_7' title="bbox 310 1035 1469 1112; baseline -0.003 -12"><span class='ocrx_word' id='word_1_56' title='bbox 310 1040 391 1112; x_wconf 89' lang='lat' dir='ltr'><strong>celle,</strong></span> <span class='ocrx_word' id='word_1_57' title='bbox 414 1038 493 1099; x_wconf 87' lang='lat' dir='ltr'><strong>l&#39;una</strong></span> <span class='ocrx_word' id='word_1_58' title='bbox 516 1037 569 1098; x_wconf 88' lang='lat' dir='ltr'><strong>che</strong></span> <span class='ocrx_word' id='word_1_59' title='bbox 591 1037 755 1098; x_wconf 88' lang='lat' dir='ltr'><strong>terminava</strong></span> <span class='ocrx_word' id='word_1_60' title='bbox 779 1036 811 1098; x_wconf 94' lang='lat' dir='ltr'><strong>in</strong></span> <span class='ocrx_word' id='word_1_61' title='bbox 833 1035 934 1098; x_wconf 91' lang='lat' dir='ltr'><strong>abside</strong></span> <span class='ocrx_word' id='word_1_62' title='bbox 957 1036 1097 1098; x_wconf 85' lang='lat' dir='ltr'><strong>circulare</strong></span> <span class='ocrx_word' id='word_1_63' title='bbox 1119 1035 1150 1096; x_wconf 94' lang='lat' dir='ltr'><strong>in</strong></span> <span class='ocrx_word' id='word_1_64' title='bbox 1172 1035 1322 1096; x_wconf 90' lang='lat' dir='ltr'><strong>direzione</strong></span> <span class='ocrx_word' id='word_1_65' title='bbox 1346 1036 1374 1096; x_wconf 93' lang='lat' dir='ltr'><strong>di</strong></span> <span class='ocrx_word' id='word_1_66' title='bbox 1397 1036 1469 1096; x_wconf 91' lang='lat' dir='ltr'><strong>sole</strong></span> 
     </span>
     <span class='ocr_line' id='line_1_8' title="bbox 309 1133 1467 1214; baseline -0.003 -17"><span class='ocrx_word' id='word_1_67' title='bbox 309 1137 433 1209; x_wconf 83' lang='lat' dir='ltr'><strong>levante,</strong></span> <span class='ocrx_word' id='word_1_68' title='bbox 457 1137 492 1197; x_wconf 91' lang='lat' dir='ltr'><strong>ed</strong></span> <span class='ocrx_word' id='word_1_69' title='bbox 516 1153 565 1196; x_wconf 90' lang='lat' dir='ltr'><strong>era</strong></span> <span class='ocrx_word' id='word_1_70' title='bbox 588 1155 603 1195; x_wconf 92' lang='lat' dir='ltr'><strong>a</strong></span> <span class='ocrx_word' id='word_1_71' title='bbox 627 1136 732 1208; x_wconf 90' lang='lat' dir='ltr'><strong>Giove,</strong></span> <span class='ocrx_word' id='word_1_72' title='bbox 755 1136 782 1196; x_wconf 91' lang='lat' dir='ltr'><strong>le</strong></span> <span class='ocrx_word' id='word_1_73' title='bbox 804 1135 877 1196; x_wconf 86' lang='lat' dir='ltr'><strong>altre</strong></span> <span class='ocrx_word' id='word_1_74' title='bbox 900 1153 990 1196; x_wconf 90' lang='lat' dir='ltr'><strong>erano</strong></span> <span class='ocrx_word' id='word_1_75' title='bbox 1014 1134 1224 1214; x_wconf 80' lang='lat' dir='ltr'><strong>quadrilatera,</strong></span> <span class='ocrx_word' id='word_1_76' title='bbox 1255 1133 1332 1194; x_wconf 82' lang='lat' dir='ltr'><strong>l’una</strong></span> <span class='ocrx_word' id='word_1_77' title='bbox 1356 1153 1372 1194; x_wconf 87' lang='lat' dir='ltr'><strong>a</strong></span> <span class='ocrx_word' id='word_1_78' title='bbox 1394 1142 1467 1194; x_wconf 89' lang='lat' dir='ltr'><strong>set-</strong></span> 
     </span>
     <span class='ocr_line' id='line_1_9' title="bbox 309 1232 1465 1311; baseline -0.002 -15"><span class='ocrx_word' id='word_1_79' title='bbox 309 1236 467 1308; x_wconf 77' lang='lat' dir='ltr'><strong>tennione,</strong></span> <span class='ocrx_word' id='word_1_80' title='bbox 490 1253 572 1296; x_wconf 90' lang='lat' dir='ltr'><strong>saera</strong></span> <span class='ocrx_word' id='word_1_81' title='bbox 596 1253 612 1295; x_wconf 93' lang='lat' dir='ltr'><strong>a</strong></span> <span class='ocrx_word' id='word_1_82' title='bbox 633 1234 773 1306; x_wconf 86' lang='lat' dir='ltr'><strong>Minerva,</strong></span> <span class='ocrx_word' id='word_1_83' title='bbox 796 1232 887 1294; x_wconf 80' lang='lat' dir='ltr'><strong>l&#39;altra</strong></span> <span class='ocrx_word' id='word_1_84' title='bbox 910 1252 926 1294; x_wconf 91' lang='lat' dir='ltr'><strong>a</strong></span> <span class='ocrx_word' id='word_1_85' title='bbox 949 1234 1155 1311; x_wconf 85' lang='lat' dir='ltr'><strong>mezzogiorno</strong></span> <span class='ocrx_word' id='word_1_86' title='bbox 1173 1251 1256 1294; x_wconf 88' lang='lat' dir='ltr'><strong>sacra</strong></span> <span class='ocrx_word' id='word_1_87' title='bbox 1278 1233 1465 1294; x_wconf 87' lang='lat' dir='ltr'><strong>aGiunone.</strong></span> 
     </span>
     <span class='ocr_line' id='line_1_10' title="bbox 310 1328 1283 1412; baseline -0.002 -18"><span class='ocrx_word' id='word_1_88' title='bbox 310 1335 434 1395; x_wconf 91' lang='lat' dir='ltr'><strong>Sembra</strong></span> <span class='ocrx_word' id='word_1_89' title='bbox 455 1334 536 1394; x_wconf 88' lang='lat' dir='ltr'><strong>losse</strong></span> <span class='ocrx_word' id='word_1_90' title='bbox 558 1340 638 1394; x_wconf 85' lang='lat' dir='ltr'><strong>tutto</strong></span> <span class='ocrx_word' id='word_1_91' title='bbox 661 1340 776 1412; x_wconf 88' lang='lat' dir='ltr'><strong>aperto,</strong></span> <span class='ocrx_word' id='word_1_92' title='bbox 790 1328 857 1393; x_wconf 70' lang='lat' dir='ltr'><strong>&#39;una</strong></span> <span class='ocrx_word' id='word_1_93' title='bbox 879 1332 1030 1411; x_wconf 84' lang='lat' dir='ltr'><strong>gradinata</strong></span> <span class='ocrx_word' id='word_1_94' title='bbox 1054 1333 1082 1394; x_wconf 88' lang='lat' dir='ltr'><strong>vi</strong></span> <span class='ocrx_word' id='word_1_95' title='bbox 1104 1333 1283 1394; x_wconf 85' lang='lat' dir='ltr'><strong>conduceva.</strong></span> 
     </span>
    </p>

    <p class='ocr_par' dir='ltr' id='par_1_5' title="bbox 309 1425 1468 2104">
     <span class='ocr_line' id='line_1_11' title="bbox 393 1425 1468 1511; baseline 0.002 -21"><span class='ocrx_word' id='word_1_96' title='bbox 393 1431 509 1511; x_wconf 85' lang='lat' dir='ltr'><strong>Templi</strong></span> <span class='ocrx_word' id='word_1_97' title='bbox 544 1431 701 1510; x_wconf 81' lang='lat' dir='ltr'><strong>Capitolini</strong></span> <span class='ocrx_word' id='word_1_98' title='bbox 728 1431 873 1504; x_wconf 89' lang='lat' dir='ltr'><strong>formam,</strong></span> <span class='ocrx_word' id='word_1_99' title='bbox 901 1449 968 1492; x_wconf 89' lang='lat' dir='ltr'><strong>cum</strong></span> <span class='ocrx_word' id='word_1_100' title='bbox 1000 1431 1163 1492; x_wconf 90' lang='lat' dir='ltr'><strong>llaudlerus</strong></span> <span class='ocrx_word' id='word_1_101' title='bbox 1193 1431 1257 1509; x_wconf 89' lang='lat' dir='ltr'><strong>ipse</strong></span> <span class='ocrx_word' id='word_1_102' title='bbox 1289 1425 1468 1492; x_wconf 76' lang='grc' dir='ltr'><strong><em>ὑπόθεσιν</em></strong></span> 
     </span>
     <span class='ocr_line' id='line_1_12' title="bbox 309 1531 1467 1614; baseline -0.005 -18"><span class='ocrx_word' id='word_1_103' title='bbox 309 1533 433 1614; x_wconf 91' lang='lat' dir='ltr'><strong>appellet</strong></span> <span class='ocrx_word' id='word_1_104' title='bbox 455 1551 553 1612; x_wconf 90' lang='lat' dir='ltr'><strong>neque</strong></span> <span class='ocrx_word' id='word_1_105' title='bbox 580 1532 741 1611; x_wconf 87' lang='lat' dir='ltr'><strong>quidquam</strong></span> <span class='ocrx_word' id='word_1_106' title='bbox 770 1551 806 1592; x_wconf 86' lang='lat' dir='ltr'><strong>ex</strong></span> <span class='ocrx_word' id='word_1_107' title='bbox 837 1551 870 1592; x_wconf 93' lang='lat' dir='ltr'><strong>ea</strong></span> <span class='ocrx_word' id='word_1_108' title='bbox 899 1531 1063 1604; x_wconf 86' lang='lat' dir='ltr'><strong>discamus,</strong></span> <span class='ocrx_word' id='word_1_109' title='bbox 1094 1531 1210 1592; x_wconf 92' lang='lat' dir='ltr'><strong>omitto.</strong></span> <span class='ocrx_word' id='word_1_110' title='bbox 1255 1531 1409 1592; x_wconf 88' lang='lat' dir='ltr'><strong>Praeterea</strong></span> <span class='ocrx_word' id='word_1_111' title='bbox 1436 1531 1467 1590; x_wconf 89' lang='lat' dir='ltr'><strong>si</strong></span> 
     </span>
     <span class='ocr_line' id='line_1_13' title="bbox 309 1628 1466 1710; baseline -0.004 -17"><span class='ocrx_word' id='word_1_112' title='bbox 309 1631 480 1694; x_wconf 81' lang='lat' dir='ltr'><strong>discesseris</strong></span> <span class='ocrx_word' id='word_1_113' title='bbox 514 1649 530 1690; x_wconf 94' lang='lat' dir='ltr'><strong>a</strong></span> <span class='ocrx_word' id='word_1_114' title='bbox 564 1631 771 1692; x_wconf 92' lang='lat' dir='ltr'><strong>columnarum</strong></span> <span class='ocrx_word' id='word_1_115' title='bbox 799 1629 932 1708; x_wconf 91' lang='lat' dir='ltr'><strong>reliquiis</strong></span> <span class='ocrx_word' id='word_1_116' title='bbox 959 1630 1000 1691; x_wconf 92' lang='lat' dir='ltr'><strong>ibi</strong></span> <span class='ocrx_word' id='word_1_117' title='bbox 1035 1631 1158 1710; x_wconf 84' lang='lat' dir='ltr'><strong>repertis</strong></span> <span class='ocrx_word' id='word_1_118' title='bbox 1190 1630 1221 1690; x_wconf 93' lang='lat' dir='ltr'><strong>in</strong></span> <span class='ocrx_word' id='word_1_119' title='bbox 1251 1629 1351 1690; x_wconf 89' lang='lat' dir='ltr'><strong>ltluseo</strong></span> <span class='ocrx_word' id='word_1_120' title='bbox 1382 1628 1466 1690; x_wconf 85' lang='lat' dir='ltr'><strong>civili</strong></span> 
     </span>
     <span class='ocr_line' id='line_1_14' title="bbox 309 1727 1465 1808; baseline -0.003 -18"><span class='ocrx_word' id='word_1_121' title='bbox 309 1729 440 1808; x_wconf 79' lang='lat' dir='ltr'><strong>Tergest.</strong></span> <span class='ocrx_word' id='word_1_122' title='bbox 465 1736 679 1790; x_wconf 90' lang='lat' dir='ltr'><strong>conservantur</strong></span> <span class='ocrx_word' id='word_1_123' title='bbox 701 1737 778 1790; x_wconf 89' lang='lat' dir='ltr'><strong>teste</strong></span> <span class='ocrx_word' id='word_1_124' title='bbox 802 1728 931 1789; x_wconf 91' lang='lat' dir='ltr'><strong>Hortisio</strong></span> <span class='ocrx_word' id='word_1_125' title='bbox 954 1729 1032 1790; x_wconf 85' lang='lat' dir='ltr'><strong>lovis</strong></span> <span class='ocrx_word' id='word_1_126' title='bbox 1054 1737 1083 1790; x_wconf 89' lang='lat' dir='ltr'><strong>et</strong></span> <span class='ocrx_word' id='word_1_127' title='bbox 1104 1729 1249 1790; x_wconf 88' lang='lat' dir='ltr'><strong>ltlinervae</strong></span> <span class='ocrx_word' id='word_1_128' title='bbox 1278 1728 1338 1788; x_wconf 92' lang='lat' dir='ltr'><strong>duo</strong></span> <span class='ocrx_word' id='word_1_129' title='bbox 1361 1727 1465 1806; x_wconf 83' lang='lat' dir='ltr'><strong>signa:</strong></span> 
     </span>
     <span class='ocr_line' id='line_1_15' title="bbox 309 1825 1465 1908; baseline -0.003 -19"><span class='ocrx_word' id='word_1_130' title='bbox 309 1829 403 1908; x_wconf 89' lang='lat' dir='ltr'><strong>aquila</strong></span> <span class='ocrx_word' id='word_1_131' title='bbox 428 1834 457 1889; x_wconf 90' lang='lat' dir='ltr'><strong>et</strong></span> <span class='ocrx_word' id='word_1_132' title='bbox 479 1827 607 1888; x_wconf 87' lang='lat' dir='ltr'><strong>Medusa.</strong></span> <span class='ocrx_word' id='word_1_133' title='bbox 652 1828 734 1888; x_wconf 91' lang='lat' dir='ltr'><strong>ldem</strong></span> <span class='ocrx_word' id='word_1_134' title='bbox 758 1826 847 1888; x_wconf 93' lang='lat' dir='ltr'><strong>adicit</strong></span> <span class='ocrx_word' id='word_1_135' title='bbox 869 1827 953 1887; x_wconf 92' lang='lat' dir='ltr'><strong>baec:</strong></span> <span class='ocrx_word' id='word_1_136' title='bbox 986 1826 1126 1888; x_wconf 86' lang='lat' dir='ltr'><strong>L&#39;altezaa</strong></span> <span class='ocrx_word' id='word_1_137' title='bbox 1154 1826 1199 1887; x_wconf 91' lang='lat' dir='ltr'><strong>del</strong></span> <span class='ocrx_word' id='word_1_138' title='bbox 1227 1826 1301 1886; x_wconf 88' lang='lat' dir='ltr'><strong>colle</strong></span> <span class='ocrx_word' id='word_1_139' title='bbox 1328 1844 1415 1904; x_wconf 90' lang='lat' dir='ltr'><strong>sopra</strong></span> <span class='ocrx_word' id='word_1_140' title='bbox 1441 1825 1465 1885; x_wconf 95' lang='lat' dir='ltr'><strong>il</strong></span> 
     </span>
     <span class='ocr_line' id='line_1_16' title="bbox 309 1923 1464 2006; baseline -0.004 -18"><span class='ocrx_word' id='word_1_141' title='bbox 309 1927 395 2006; x_wconf 93' lang='lat' dir='ltr'><strong>quale</strong></span> <span class='ocrx_word' id='word_1_142' title='bbox 418 1934 499 1986; x_wconf 90' lang='lat' dir='ltr'><strong>stava</strong></span> <span class='ocrx_word' id='word_1_143' title='bbox 522 1925 541 1985; x_wconf 96' lang='lat' dir='ltr'><strong>il</strong></span> <span class='ocrx_word' id='word_1_144' title='bbox 564 1925 763 2006; x_wconf 84' lang='lat' dir='ltr'><strong>Campidoglio</strong></span> <span class='ocrx_word' id='word_1_145' title='bbox 787 1927 802 1985; x_wconf 78' lang='lat' dir='ltr'><strong>t</strong></span> <span class='ocrx_word' id='word_1_146' title='bbox 825 1925 855 1985; x_wconf 92' lang='lat' dir='ltr'><strong>di</strong></span> <span class='ocrx_word' id='word_1_147' title='bbox 877 1925 955 1986; x_wconf 91' lang='lat' dir='ltr'><strong>circa</strong></span> <span class='ocrx_word' id='word_1_148' title='bbox 979 1925 1039 1986; x_wconf 84' lang='lat'><strong>240</strong></span> <span class='ocrx_word' id='word_1_149' title='bbox 1052 1944 1092 1986; x_wconf 93' lang='lat' dir='ltr'><strong>m.</strong></span> <span class='ocrx_word' id='word_1_150' title='bbox 1139 1925 1160 1985; x_wconf 97' lang='lat' dir='ltr'><strong>ll</strong></span> <span class='ocrx_word' id='word_1_151' title='bbox 1182 1924 1248 1985; x_wconf 88' lang='lat' dir='ltr'><strong>loro</strong></span> <span class='ocrx_word' id='word_1_152' title='bbox 1271 1941 1320 1985; x_wconf 88' lang='lat' dir='ltr'><strong>era</strong></span> <span class='ocrx_word' id='word_1_153' title='bbox 1343 1943 1359 1985; x_wconf 95' lang='lat' dir='ltr'><strong>a</strong></span> <span class='ocrx_word' id='word_1_154' title='bbox 1378 1923 1464 2002; x_wconf 93' lang='lat' dir='ltr'><strong>piedi</strong></span> 
     </span>
     <span class='ocr_line' id='line_1_17' title="bbox 310 2023 866 2104; baseline -0.011 -18"><span class='ocrx_word' id='word_1_155' title='bbox 310 2025 357 2085; x_wconf 91' lang='lat' dir='ltr'><strong>del</strong></span> <span class='ocrx_word' id='word_1_156' title='bbox 381 2023 583 2104; x_wconf 84' lang='lat' dir='ltr'><strong>Campidoglio</strong></span> <span class='ocrx_word' id='word_1_157' title='bbox 606 2041 692 2084; x_wconf 87' lang='lat' dir='ltr'><strong>verso</strong></span> <span class='ocrx_word' id='word_1_158' title='bbox 717 2023 866 2102; x_wconf 80' lang='lat' dir='ltr'><strong>meriggio.</strong></span> 
     </span>
    </p>
   </div>
   <div class='ocr_carea' id='block_1_5' title="bbox 750 2189 1014 2270">
    <p class='ocr_par' dir='ltr' id='par_1_6' title="bbox 750 2189 1014 2270">
     <span class='ocr_line' id='line_1_18' title="bbox 750 2189 1014 2270; baseline 0 -16"><span class='ocrx_word' id='word_1_159' title='bbox 750 2191 783 2254; x_wconf 81' lang='lat'><strong>2.</strong></span> <span class='ocrx_word' id='word_1_160' title='bbox 819 2189 1014 2270; x_wconf 82' lang='lat' dir='ltr'><strong>Hispania.</strong></span> 
     </span>
    </p>
   </div>
   <div class='ocr_carea' id='block_1_6' title="bbox 306 2315 1462 2793">
    <p class='ocr_par' dir='ltr' id='par_1_7' title="bbox 306 2315 1462 2793">
     <span class='ocr_line' id='line_1_19' title="bbox 393 2315 1462 2398; baseline -0.001 -20"><span class='ocrx_word' id='word_1_161' title='bbox 393 2315 600 2380; x_wconf 82' lang='lat' dir='ltr'><strong>luter&#39;titulos</strong></span> <span class='ocrx_word' id='word_1_162' title='bbox 627 2317 839 2398; x_wconf 88' lang='lat' dir='ltr'><strong>Hispanienses</strong></span> <span class='ocrx_word' id='word_1_163' title='bbox 868 2336 934 2378; x_wconf 90' lang='lat' dir='ltr'><strong>cum</strong></span> <span class='ocrx_word' id='word_1_164' title='bbox 964 2319 1090 2380; x_wconf 89' lang='lat' dir='ltr'><strong>deorum</strong></span> <span class='ocrx_word' id='word_1_165' title='bbox 1119 2316 1319 2378; x_wconf 78' lang='lat' dir='ltr'><strong>dedicationes</strong></span> <span class='ocrx_word' id='word_1_166' title='bbox 1346 2316 1462 2377; x_wconf 91' lang='lat' dir='ltr'><strong>mirum</strong></span> 
     </span>
     <span class='ocr_line' id='line_1_20' title="bbox 308 2415 1460 2497; baseline -0.003 -19"><span class='ocrx_word' id='word_1_167' title='bbox 308 2419 340 2478; x_wconf 93' lang='lat' dir='ltr'><strong>in</strong></span> <span class='ocrx_word' id='word_1_168' title='bbox 363 2418 484 2487; x_wconf 92' lang='lat' dir='ltr'><strong>modum</strong></span> <span class='ocrx_word' id='word_1_169' title='bbox 512 2435 594 2478; x_wconf 91' lang='lat' dir='ltr'><strong>rarae</strong></span> <span class='ocrx_word' id='word_1_170' title='bbox 617 2417 815 2490; x_wconf 85' lang='lat' dir='ltr'><strong>inveniantur,</strong></span> <span class='ocrx_word' id='word_1_171' title='bbox 850 2417 926 2496; x_wconf 90' lang='lat' dir='ltr'><strong>quod</strong></span> <span class='ocrx_word' id='word_1_172' title='bbox 957 2417 1168 2497; x_wconf 88' lang='lat' dir='ltr'><strong>inscriptiones</strong></span> <span class='ocrx_word' id='word_1_173' title='bbox 1197 2415 1253 2476; x_wconf 88' lang='lat' dir='ltr'><strong>diis</strong></span> <span class='ocrx_word' id='word_1_174' title='bbox 1283 2415 1460 2494; x_wconf 85' lang='lat' dir='ltr'><strong>Capitolinis</strong></span> 
     </span>
     <span class='ocr_line' id='line_1_21' title="bbox 308 2511 1458 2595; baseline -0.003 -19"><span class='ocrx_word' id='word_1_175' title='bbox 308 2535 407 2578; x_wconf 89' lang='lat' dir='ltr'><strong>sacrae</strong></span> <span class='ocrx_word' id='word_1_176' title='bbox 433 2535 494 2576; x_wconf 90' lang='lat' dir='ltr'><strong>uno</strong></span> <span class='ocrx_word' id='word_1_177' title='bbox 520 2524 637 2576; x_wconf 89' lang='lat' dir='ltr'><strong>tantum</strong></span> <span class='ocrx_word' id='word_1_178' title='bbox 664 2517 790 2577; x_wconf 87' lang='lat' dir='ltr'><strong>alterove</strong></span> <span class='ocrx_word' id='word_1_179' title='bbox 818 2517 882 2576; x_wconf 88' lang='lat' dir='ltr'><strong>loco</strong></span> <span class='ocrx_word' id='word_1_180' title='bbox 906 2516 1092 2595; x_wconf 89' lang='lat' dir='ltr'><strong>reperiantur</strong></span> <span class='ocrx_word' id='word_1_181' title='bbox 1115 2533 1177 2576; x_wconf 91' lang='lat' dir='ltr'><strong>non</strong></span> <span class='ocrx_word' id='word_1_182' title='bbox 1208 2511 1458 2589; x_wconf 77' lang='lat' dir='ltr'><strong>mirabimur¹⁶³).</strong></span> 
     </span>
     <span class='ocr_line' id='line_1_22' title="bbox 307 2613 1458 2694; baseline -0.001 -20"><span class='ocrx_word' id='word_1_183' title='bbox 307 2613 410 2693; x_wconf 90' lang='lat' dir='ltr'><strong>Neque</strong></span> <span class='ocrx_word' id='word_1_184' title='bbox 433 2613 644 2692; x_wconf 86' lang='lat' dir='ltr'><strong>Capitoliorum</strong></span> <span class='ocrx_word' id='word_1_185' title='bbox 666 2614 733 2692; x_wconf 91' lang='lat' dir='ltr'><strong>plus</strong></span> <span class='ocrx_word' id='word_1_186' title='bbox 755 2631 850 2676; x_wconf 92' lang='lat' dir='ltr'><strong>unum</strong></span> <span class='ocrx_word' id='word_1_187' title='bbox 873 2614 1041 2694; x_wconf 86' lang='lat' dir='ltr'><strong>exemplum</strong></span> <span class='ocrx_word' id='word_1_188' title='bbox 1064 2623 1098 2676; x_wconf 92' lang='lat' dir='ltr'><strong>ut</strong></span> <span class='ocrx_word' id='word_1_189' title='bbox 1119 2615 1275 2694; x_wconf 89' lang='lat' dir='ltr'><strong>probarem</strong></span> <span class='ocrx_word' id='word_1_190' title='bbox 1291 2613 1364 2675; x_wconf 94' lang='lat' dir='ltr'><strong>mibi</strong></span> <span class='ocrx_word' id='word_1_191' title='bbox 1381 2631 1458 2674; x_wconf 91' lang='lat' dir='ltr'><strong>con-</strong></span> 
     </span>
     <span class='ocr_line' id='line_1_23' title="bbox 306 2712 872 2793; baseline 0.004 -21"><span class='ocrx_word' id='word_1_192' title='bbox 306 2712 379 2790; x_wconf 80' lang='lat' dir='ltr'><strong>tigit,</strong></span> <span class='ocrx_word' id='word_1_193' title='bbox 403 2712 493 2791; x_wconf 91' lang='lat' dir='ltr'><strong>idque</strong></span> <span class='ocrx_word' id='word_1_194' title='bbox 514 2712 546 2773; x_wconf 92' lang='lat' dir='ltr'><strong>in</strong></span> <span class='ocrx_word' id='word_1_195' title='bbox 568 2713 643 2774; x_wconf 92' lang='lat' dir='ltr'><strong>urbe</strong></span> <span class='ocrx_word' id='word_1_196' title='bbox 667 2731 743 2793; x_wconf 92' lang='lat' dir='ltr'><strong>quae</strong></span> <span class='ocrx_word' id='word_1_197' title='bbox 765 2713 872 2774; x_wconf 91' lang='lat' dir='ltr'><strong>dicitur</strong></span> 
     </span>
    </p>
   </div>
   <div class='ocr_carea' id='block_1_7' title="bbox 805 2889 954 2960">
    <p class='ocr_par' dir='ltr' id='par_1_8' title="bbox 805 2889 954 2960">
     <span class='ocr_line' id='line_1_24' title="bbox 805 2889 954 2960; baseline -0.007 -16"><span class='ocrx_word' id='word_1_198' title='bbox 805 2889 954 2960; x_wconf 82' lang='lat' dir='ltr'><strong>Hispalis.</strong></span> 
     </span>
    </p>
   </div>
   <div class='ocr_carea' id='block_1_8' title="bbox 305 3007 1455 3680">
    <p class='ocr_par' dir='ltr' id='par_1_9' title="bbox 305 3007 1455 3680">
     <span class='ocr_line' id='line_1_25' title="bbox 392 3007 1455 3088; baseline 0 -21"><span class='ocrx_word' id='word_1_199' title='bbox 392 3007 488 3087; x_wconf 82' lang='lat' dir='ltr'><strong>Atque</strong></span> <span class='ocrx_word' id='word_1_200' title='bbox 510 3027 545 3069; x_wconf 84' lang='lat' dir='ltr'><strong>ex</strong></span> <span class='ocrx_word' id='word_1_201' title='bbox 568 3008 656 3070; x_wconf 84' lang='lat' dir='ltr'><strong>tilulo</strong></span> <span class='ocrx_word' id='word_1_202' title='bbox 679 3008 798 3088; x_wconf 90' lang='lat' dir='ltr'><strong>quidem</strong></span> <span class='ocrx_word' id='word_1_203' title='bbox 821 3008 905 3069; x_wconf 89' lang='lat' dir='ltr'><strong>valde</strong></span> <span class='ocrx_word' id='word_1_204' title='bbox 924 3015 1161 3088; x_wconf 73' lang='lat' dir='ltr'><strong>truncatoque</strong></span> <span class='ocrx_word' id='word_1_205' title='bbox 1184 3007 1318 3088; x_wconf 90' lang='lat' dir='ltr'><strong>Capitolii</strong></span> <span class='ocrx_word' id='word_1_206' title='bbox 1343 3008 1455 3068; x_wconf 92' lang='lat' dir='ltr'><strong>mentio</strong></span> 
     </span>
     <span class='ocr_line' id='line_1_26' title="bbox 306 3103 1454 3188; baseline 0.002 -24"><span class='ocrx_word' id='word_1_207' title='bbox 306 3106 338 3164; x_wconf 87' lang='lat' dir='ltr'><strong>lit</strong></span> <span class='ocrx_word' id='word_1_208' title='bbox 348 3103 400 3186; x_wconf 68' lang='grc'><strong>164)</strong></span> <span class='ocrx_word' id='word_1_209' title='bbox 423 3107 501 3168; x_wconf 94' lang='lat' dir='ltr'><strong>idem</strong></span> <span class='ocrx_word' id='word_1_210' title='bbox 518 3110 596 3188; x_wconf 92' lang='lat' dir='ltr'><strong>quod</strong></span> <span class='ocrx_word' id='word_1_211' title='bbox 615 3127 704 3187; x_wconf 91' lang='lat' dir='ltr'><strong>supra</strong></span> <span class='ocrx_word' id='word_1_212' title='bbox 727 3107 910 3180; x_wconf 85' lang='lat' dir='ltr'><strong>monuimus,</strong></span> <span class='ocrx_word' id='word_1_213' title='bbox 927 3127 995 3169; x_wconf 90' lang='lat' dir='ltr'><strong>cum</strong></span> <span class='ocrx_word' id='word_1_214' title='bbox 1012 3107 1234 3187; x_wconf 88' lang='lat' dir='ltr'><strong>disputabamus</strong></span> <span class='ocrx_word' id='word_1_215' title='bbox 1255 3108 1291 3168; x_wconf 93' lang='lat' dir='ltr'><strong>de</strong></span> <span class='ocrx_word' id='word_1_216' title='bbox 1312 3105 1454 3186; x_wconf 88' lang='lat' dir='ltr'><strong>Capitolio</strong></span> 
     </span>
     <span class='ocr_line' id='line_1_27' title="bbox 305 3204 1453 3286; baseline 0.001 -22"><span class='ocrx_word' id='word_1_217' title='bbox 305 3204 513 3266; x_wconf 75' lang='lat' dir='ltr'><strong>beneventano</strong></span> <span class='ocrx_word' id='word_1_218' title='bbox 536 3205 762 3278; x_wconf 72' lang='lat' dir='ltr'><strong>elvennensi,</strong></span> <span class='ocrx_word' id='word_1_219' title='bbox 786 3215 917 3285; x_wconf 89' lang='lat' dir='ltr'><strong>apparet,</strong></span> <span class='ocrx_word' id='word_1_220' title='bbox 940 3206 981 3266; x_wconf 92' lang='lat' dir='ltr'><strong>ibi</strong></span> <span class='ocrx_word' id='word_1_221' title='bbox 1004 3225 1124 3286; x_wconf 91' lang='lat' dir='ltr'><strong>quoque</strong></span> <span class='ocrx_word' id='word_1_222' title='bbox 1146 3223 1261 3266; x_wconf 90' lang='lat' dir='ltr'><strong>morem</strong></span> <span class='ocrx_word' id='word_1_223' title='bbox 1285 3205 1453 3270; x_wconf 84' lang='lat' dir='ltr'><strong>Romanum</strong></span> 
     </span>
     <span class='ocr_line' id='line_1_28' title="bbox 306 3302 1453 3384; baseline 0.002 -22"><span class='ocrx_word' id='word_1_224' title='bbox 306 3302 440 3380; x_wconf 89' lang='lat' dir='ltr'><strong>Capitolii</strong></span> <span class='ocrx_word' id='word_1_225' title='bbox 461 3303 492 3362; x_wconf 92' lang='lat' dir='ltr'><strong>in</strong></span> <span class='ocrx_word' id='word_1_226' title='bbox 515 3322 583 3364; x_wconf 93' lang='lat' dir='ltr'><strong>area</strong></span> <span class='ocrx_word' id='word_1_227' title='bbox 605 3310 717 3365; x_wconf 88' lang='lat' dir='ltr'><strong>statuas</strong></span> <span class='ocrx_word' id='word_1_228' title='bbox 739 3303 873 3384; x_wconf 89' lang='lat' dir='ltr'><strong>ponendi</strong></span> <span class='ocrx_word' id='word_1_229' title='bbox 894 3303 1093 3366; x_wconf 89' lang='lat' dir='ltr'><strong>imitationem</strong></span> <span class='ocrx_word' id='word_1_230' title='bbox 1108 3303 1256 3366; x_wconf 87' lang='lat' dir='ltr'><strong>babuisse.</strong></span> <span class='ocrx_word' id='word_1_231' title='bbox 1302 3303 1453 3365; x_wconf 88' lang='lat' dir='ltr'><strong>Coloniam</strong></span> 
     </span>
     <span class='ocr_line' id='line_1_29' title="bbox 306 3401 1453 3481; baseline 0.003 -21"><span class='ocrx_word' id='word_1_232' title='bbox 306 3409 406 3460; x_wconf 89' lang='lat' dir='ltr'><strong>autern</strong></span> <span class='ocrx_word' id='word_1_233' title='bbox 429 3401 573 3481; x_wconf 89' lang='lat' dir='ltr'><strong>Hispalim</strong></span> <span class='ocrx_word' id='word_1_234' title='bbox 597 3403 719 3464; x_wconf 84' lang='lat' dir='ltr'><strong>deduxit</strong></span> <span class='ocrx_word' id='word_1_235' title='bbox 742 3401 833 3464; x_wconf 91' lang='lat' dir='ltr'><strong>lulius</strong></span> <span class='ocrx_word' id='word_1_236' title='bbox 856 3401 970 3474; x_wconf 90' lang='lat' dir='ltr'><strong>Caesar,</strong></span> <span class='ocrx_word' id='word_1_237' title='bbox 994 3403 1041 3462; x_wconf 89' lang='lat' dir='ltr'><strong>cui</strong></span> <span class='ocrx_word' id='word_1_238' title='bbox 1063 3402 1151 3463; x_wconf 90' lang='lat' dir='ltr'><strong>luliae</strong></span> <span class='ocrx_word' id='word_1_239' title='bbox 1175 3403 1319 3464; x_wconf 87' lang='lat' dir='ltr'><strong>Romulae</strong></span> <span class='ocrx_word' id='word_1_240' title='bbox 1341 3419 1453 3464; x_wconf 91' lang='lat' dir='ltr'><strong>nomen</strong></span> 
     </span>
     <span class='ocr_line' id='line_1_30' title="bbox 305 3498 1452 3580; baseline 0.004 -23"><span class='ocrx_word' id='word_1_241' title='bbox 305 3498 427 3572; x_wconf 85' lang='lat' dir='ltr'><strong>indidit;</strong></span> <span class='ocrx_word' id='word_1_242' title='bbox 451 3519 507 3561; x_wconf 88' lang='lat' dir='ltr'><strong>neo</strong></span> <span class='ocrx_word' id='word_1_243' title='bbox 528 3502 618 3580; x_wconf 86' lang='lat' dir='ltr'><strong>parvi,</strong></span> <span class='ocrx_word' id='word_1_244' title='bbox 642 3501 668 3561; x_wconf 94' lang='lat' dir='ltr'><strong>si</strong></span> <span class='ocrx_word' id='word_1_245' title='bbox 693 3501 872 3563; x_wconf 88' lang='lat' dir='ltr'><strong>Strabonem</strong></span> <span class='ocrx_word' id='word_1_246' title='bbox 894 3501 1010 3574; x_wconf 89' lang='lat' dir='ltr'><strong>audias,</strong></span> <span class='ocrx_word' id='word_1_247' title='bbox 1038 3501 1169 3562; x_wconf 91' lang='lat' dir='ltr'><strong>nominis</strong></span> <span class='ocrx_word' id='word_1_248' title='bbox 1191 3508 1261 3580; x_wconf 91' lang='lat' dir='ltr'><strong>post</strong></span> <span class='ocrx_word' id='word_1_249' title='bbox 1284 3501 1452 3563; x_wconf 87' lang='lat' dir='ltr'><strong>Cordubam</strong></span> 
     </span>
     <span class='ocr_line' id='line_1_31' title="bbox 306 3596 1311 3680; baseline 0.001 -22"><span class='ocrx_word' id='word_1_250' title='bbox 306 3605 336 3658; x_wconf 90' lang='lat' dir='ltr'><strong>et</strong></span> <span class='ocrx_word' id='word_1_251' title='bbox 359 3596 452 3658; x_wconf 87' lang='lat' dir='ltr'><strong>Gades</strong></span> <span class='ocrx_word' id='word_1_252' title='bbox 475 3598 552 3659; x_wconf 88' lang='lat' dir='ltr'><strong>inter</strong></span> <span class='ocrx_word' id='word_1_253' title='bbox 574 3599 709 3661; x_wconf 89' lang='lat' dir='ltr'><strong>Baeticae</strong></span> <span class='ocrx_word' id='word_1_254' title='bbox 731 3599 901 3680; x_wconf 90' lang='lat' dir='ltr'><strong>provinciae</strong></span> <span class='ocrx_word' id='word_1_255' title='bbox 923 3599 1012 3662; x_wconf 89' lang='lat' dir='ltr'><strong>urbes</strong></span> <span class='ocrx_word' id='word_1_256' title='bbox 1034 3599 1162 3678; x_wconf 88' lang='lat' dir='ltr'><strong>Hispalis</strong></span> <span class='ocrx_word' id='word_1_257' title='bbox 1185 3598 1311 3678; x_wconf 56' lang='lat' dir='ltr'><strong>futur).</strong></span> 
     </span>
    </p>
   </div>
   <div class='ocr_carea' id='block_1_9' title="bbox 305 3795 1453 3977">
    <p class='ocr_par' dir='ltr' id='par_1_10' title="bbox 305 3795 1453 3977">
     <span class='ocr_line' id='line_1_32' title="bbox 390 3795 1453 3877; baseline 0.004 -23"><span class='ocrx_word' id='word_1_258' title='bbox 390 3795 452 3856; x_wconf 83' lang='lat' dir='ltr'><strong>lant</strong></span> <span class='ocrx_word' id='word_1_259' title='bbox 484 3803 578 3856; x_wconf 84' lang='lat' dir='ltr'><strong>restat</strong></span> <span class='ocrx_word' id='word_1_260' title='bbox 604 3803 638 3857; x_wconf 90' lang='lat' dir='ltr'><strong>ut</strong></span> <span class='ocrx_word' id='word_1_261' title='bbox 671 3797 797 3860; x_wconf 92' lang='lat' dir='ltr'><strong>aliorum</strong></span> <span class='ocrx_word' id='word_1_262' title='bbox 826 3798 1011 3877; x_wconf 92' lang='lat' dir='ltr'><strong>quorundam</strong></span> <span class='ocrx_word' id='word_1_263' title='bbox 1041 3813 1158 3857; x_wconf 88' lang='lat' dir='ltr'><strong>errores</strong></span> <span class='ocrx_word' id='word_1_264' title='bbox 1186 3797 1360 3858; x_wconf 86' lang='lat' dir='ltr'><strong>refutemus.</strong></span> <span class='ocrx_word' id='word_1_265' title='bbox 1411 3797 1453 3858; x_wconf 78' lang='lat' dir='ltr'><strong>lto</strong></span> 
     </span>
     <span class='ocr_line' id='line_1_33' title="bbox 305 3893 1452 3977; baseline 0 -23"><span class='ocrx_word' id='word_1_266' title='bbox 305 3895 420 3974; x_wconf 90' lang='lat' dir='ltr'><strong>primus</strong></span> <span class='ocrx_word' id='word_1_267' title='bbox 444 3893 563 3973; x_wconf 88' lang='lat' dir='ltr'><strong>quidem</strong></span> <span class='ocrx_word' id='word_1_268' title='bbox 586 3894 616 3955; x_wconf 94' lang='lat' dir='ltr'><strong>in</strong></span> <span class='ocrx_word' id='word_1_269' title='bbox 638 3905 735 3974; x_wconf 91' lang='lat' dir='ltr'><strong>partes</strong></span> <span class='ocrx_word' id='word_1_270' title='bbox 758 3897 908 3958; x_wconf 90' lang='lat' dir='ltr'><strong>vocandus</strong></span> <span class='ocrx_word' id='word_1_271' title='bbox 930 3897 1047 3956; x_wconf 92' lang='lat' dir='ltr'><strong>videtur</strong></span> <span class='ocrx_word' id='word_1_272' title='bbox 1070 3914 1134 3956; x_wconf 88' lang='lat' dir='ltr'><strong>esse</strong></span> <span class='ocrx_word' id='word_1_273' title='bbox 1157 3895 1278 3968; x_wconf 87' lang='lat' dir='ltr'><strong>Castan,</strong></span> <span class='ocrx_word' id='word_1_274' title='bbox 1312 3894 1367 3977; x_wconf 85' lang='lat' dir='ltr'><strong>qui¹</strong></span> <span class='ocrx_word' id='word_1_275' title='bbox 1388 3895 1452 3956; x_wconf 91' lang='lat' dir='ltr'><strong>solo</strong></span> 
     </span>
    </p>
   </div>
   <div class='ocr_carea' id='block_1_10' title="bbox 305 4077 1448 4308">
    <p class='ocr_par' dir='ltr' id='par_1_11' title="bbox 305 4077 1448 4308">
     <span class='ocr_line' id='line_1_34' title="bbox 373 4077 763 4142; baseline 0 -15"><span class='ocrx_word' id='word_1_276' title='bbox 373 4079 418 4142; x_wconf 80' lang='lat'><strong>¹⁶³)</strong></span> <span class='ocrx_word' id='word_1_277' title='bbox 437 4077 463 4130; x_wconf 89' lang='lat' dir='ltr'><strong>C.</strong></span> <span class='ocrx_word' id='word_1_278' title='bbox 477 4078 495 4129; x_wconf 93' lang='lat' dir='ltr'><strong>l.</strong></span> <span class='ocrx_word' id='word_1_279' title='bbox 510 4077 539 4126; x_wconf 87' lang='lat' dir='ltr'><strong>L.</strong></span> <span class='ocrx_word' id='word_1_280' title='bbox 553 4077 573 4126; x_wconf 99' lang='lat' dir='ltr'><strong>ll</strong></span> <span class='ocrx_word' id='word_1_281' title='bbox 593 4077 668 4128; x_wconf 77' lang='lat'><strong>4076.</strong></span> <span class='ocrx_word' id='word_1_282' title='bbox 688 4079 763 4128; x_wconf 79' lang='lat'><strong>4079.</strong></span> 
     </span>
     <span class='ocr_line' id='line_1_35' title="bbox 374 4155 1446 4228; baseline -0.004 -18"><span class='ocrx_word' id='word_1_283' title='bbox 374 4161 417 4228; x_wconf 80' lang='lat'>¹⁶⁴)</span> <span class='ocrx_word' id='word_1_284' title='bbox 437 4159 664 4211; x_wconf 70' lang='lat' dir='ltr'><strong>ebulliret:</strong></span> <span class='ocrx_word' id='word_1_285' title='bbox 690 4158 755 4208; x_wconf 84' lang='lat' dir='ltr'><strong>M..</strong></span> <span class='ocrx_word' id='word_1_286' title='bbox 770 4197 775 4209; x_wconf 95' lang='grc'><strong>.</strong></span> <span class='ocrx_word' id='word_1_287' title='bbox 790 4158 848 4208; x_wconf 90' lang='lat' dir='ltr'><strong>P..</strong></span> <span class='ocrx_word' id='word_1_288' title='bbox 863 4194 868 4206; x_wconf 90' lang='grc'><strong>.</strong></span> <span class='ocrx_word' id='word_1_289' title='bbox 886 4155 890 4224; x_wconf 74' lang='lat' dir='ltr'><strong>l</strong></span> <span class='ocrx_word' id='word_1_290' title='bbox 906 4159 1037 4223; x_wconf 76' lang='lat' dir='ltr'><strong>(stlatuam</strong></span> <span class='ocrx_word' id='word_1_291' title='bbox 1060 4157 1087 4208; x_wconf 92' lang='lat' dir='ltr'><strong>in</strong></span> <span class='ocrx_word' id='word_1_292' title='bbox 1105 4156 1243 4224; x_wconf 72' lang='lat' dir='ltr'><strong>Capillolio</strong></span> <span class='ocrx_word' id='word_1_293' title='bbox 1259 4155 1264 4222; x_wconf 85' lang='grc' dir='ltr'>Ι</span> <span class='ocrx_word' id='word_1_294' title='bbox 1280 4194 1286 4207; x_wconf 94' lang='grc'><strong>.</strong></span> <span class='ocrx_word' id='word_1_295' title='bbox 1300 4193 1306 4206; x_wconf 89' lang='grc'><strong>.</strong></span> <span class='ocrx_word' id='word_1_296' title='bbox 1320 4155 1368 4208; x_wconf 85' lang='lat' dir='ltr'><strong>.f.</strong></span> <span class='ocrx_word' id='word_1_297' title='bbox 1382 4194 1388 4207; x_wconf 91' lang='lat'><strong>.</strong></span> <span class='ocrx_word' id='word_1_298' title='bbox 1404 4193 1410 4206; x_wconf 92' lang='lat'><strong>.</strong></span> <span class='ocrx_word' id='word_1_299' title='bbox 1424 4173 1446 4206; x_wconf 88' lang='lat' dir='ltr'><strong>e.</strong></span> 
     </span>
     <span class='ocr_line' id='line_1_36' title="bbox 305 4237 1448 4308; baseline -0.004 -15"><span class='ocrx_word' id='word_1_300' title='bbox 305 4244 363 4293; x_wconf 90' lang='lat' dir='ltr'><strong>loco</strong></span> <span class='ocrx_word' id='word_1_301' title='bbox 379 4241 383 4308; x_wconf 84' lang='grc' dir='ltr'>Ι</span> <span class='ocrx_word' id='word_1_302' title='bbox 399 4241 433 4294; x_wconf 96' lang='lat' dir='ltr'><strong>lV</strong></span> <span class='ocrx_word' id='word_1_303' title='bbox 446 4280 452 4292; x_wconf 91' lang='lat'><strong>.</strong></span> <span class='ocrx_word' id='word_1_304' title='bbox 467 4280 473 4294; x_wconf 96' lang='lat'><strong>.</strong></span> <span class='ocrx_word' id='word_1_305' title='bbox 487 4279 493 4292; x_wconf 92' lang='lat'><strong>.</strong></span> <span class='ocrx_word' id='word_1_306' title='bbox 508 4242 558 4292; x_wconf 89' lang='lat' dir='ltr'><strong>titu</strong></span> <span class='ocrx_word' id='word_1_307' title='bbox 571 4277 577 4290; x_wconf 95' lang='lat'><strong>.</strong></span> <span class='ocrx_word' id='word_1_308' title='bbox 592 4278 597 4288; x_wconf 96' lang='lat'><strong>.</strong></span> <span class='ocrx_word' id='word_1_309' title='bbox 612 4277 618 4290; x_wconf 91' lang='lat'><strong>.</strong></span> <span class='ocrx_word' id='word_1_310' title='bbox 635 4239 639 4306; x_wconf 77' lang='lat' dir='ltr'><strong>l</strong></span> <span class='ocrx_word' id='word_1_311' title='bbox 654 4241 681 4290; x_wconf 90' lang='lat' dir='ltr'><strong>C.</strong></span> <span class='ocrx_word' id='word_1_312' title='bbox 695 4241 721 4290; x_wconf 90' lang='lat' dir='ltr'><strong>C.</strong></span> <span class='ocrx_word' id='word_1_313' title='bbox 735 4241 754 4291; x_wconf 86' lang='lat' dir='ltr'><strong>ll</strong></span> <span class='ocrx_word' id='word_1_314' title='bbox 768 4277 775 4290; x_wconf 88' lang='lat'><strong>.</strong></span> <span class='ocrx_word' id='word_1_315' title='bbox 790 4277 795 4289; x_wconf 92' lang='lat'><strong>.</strong></span> <span class='ocrx_word' id='word_1_316' title='bbox 810 4277 815 4289; x_wconf 93' lang='lat'><strong>.</strong></span> <span class='ocrx_word' id='word_1_317' title='bbox 830 4240 858 4289; x_wconf 83' lang='lat' dir='ltr'><strong>D.</strong></span> <span class='ocrx_word' id='word_1_318' title='bbox 878 4267 909 4276; x_wconf 84' lang='lat'>—</span> <span class='ocrx_word' id='word_1_319' title='bbox 930 4239 1058 4304; x_wconf 79' lang='lat' dir='ltr'><strong>Quomodo</strong></span> <span class='ocrx_word' id='word_1_320' title='bbox 1077 4239 1225 4306; x_wconf 84' lang='lat' dir='ltr'><strong>suppleatur</strong></span> <span class='ocrx_word' id='word_1_321' title='bbox 1243 4239 1315 4290; x_wconf 89' lang='lat' dir='ltr'><strong>dictu</strong></span> <span class='ocrx_word' id='word_1_322' title='bbox 1333 4237 1448 4290; x_wconf 87' lang='lat' dir='ltr'><strong>diffiieil·</strong></span> 
     </span>
    </p>
   </div>
   <div class='ocr_carea' id='block_1_11' title="bbox 305 4326 1008 4470">
    <p class='ocr_par' dir='ltr' id='par_1_12' title="bbox 305 4326 1008 4470">
     <span class='ocr_line' id='line_1_37' title="bbox 305 4326 1008 4470; baseline -0.007 -14"><span class='ocrx_word' id='word_1_323' title='bbox 305 4326 418 4468; x_wconf 49' lang='lat' dir='ltr'><strong>dlmuinssi)</strong></span> <span class='ocrx_word' id='word_1_324' title='bbox 436 4403 467 4456; x_wconf 88' lang='lat' dir='ltr'><strong>cl.</strong></span> <span class='ocrx_word' id='word_1_325' title='bbox 486 4404 558 4456; x_wconf 74' lang='lat' dir='ltr'><strong>dem.</strong></span> <span class='ocrx_word' id='word_1_326' title='bbox 577 4403 705 4454; x_wconf 88' lang='lat' dir='ltr'><strong>Hnebneri</strong></span> <span class='ocrx_word' id='word_1_327' title='bbox 724 4399 830 4470; x_wconf 84' lang='lat' dir='ltr'><strong>praelat.</strong></span> <span class='ocrx_word' id='word_1_328' title='bbox 849 4402 891 4454; x_wconf 88' lang='lat' dir='ltr'><strong>tit.</strong></span> <span class='ocrx_word' id='word_1_329' title='bbox 910 4402 1008 4468; x_wconf 83' lang='lat' dir='ltr'><strong>Hispal.</strong></span> 
     </span>
    </p>
   </div>
   <div class='ocr_carea' id='block_1_12' title="bbox 0 0 1594 5236">
    <p class='ocr_par' dir='ltr' id='par_1_13' title="bbox 0 0 1594 5236">
     <span class='ocr_line' id='line_1_38' title="bbox 0 0 1594 5236; baseline 0 3"><span class='ocrx_word' id='word_1_330' title='bbox 0 0 1594 5236; x_wconf 95' lang='lat' dir='ltr'><strong> </strong></span> 
     </span>
    </p>
   </div>
  </div>
 </body>
</html>
