3180 5236
604 419 828 482 ...61-

140 591 289 670 templum
320 593 512 655 Narbonense
546 613 581 654 ex
612 613 760 656 marmore
790 595 875 656 Pario
903 597 1016 657 iactum
1049 617 1116 658 cum
1145 597 1286 676 Capitolio

141 690 280 752 Romano
309 703 470 771 comparat,
504 693 576 772 quin
608 693 784 773 Capitolium
819 695 1028 772 significaverit
1062 695 1205 758 dubitatio
1227 697 1287 758 iarn

140 806 208 850 nou
229 789 479 870 relinquitur¹³⁰).

230 890 351 950 Accedit
372 892 450 969 quod
474 899 537 951 acta
560 890 589 950 S.
613 890 695 952 Pauli
726 891 903 952 confessoris
932 891 1059 970 episcopi
1089 891 1288 954 Narbonensis

142 985 320 1065 Capitolium
348 986 580 1066 respiciunt²³¹).
636 988 737 1068 Neque
766 1007 835 1048 vero
863 989 1004 1068 Capitolio
1032 990 1149 1051 sublato
1177 1009 1288 1052 nomen

144 1103 184 1144 ex
211 1086 312 1164 lingua
340 1087 450 1163 vulgari
479 1087 614 1147 discessit
647 1088 698 1147 sed
734 1087 824 1164 viguit
846 1105 942 1166 usque
976 1089 1011 1148 ad
1045 1089 1193 1149 decimum
1227 1092 1288 1152 fere

142 1194 287 1260 quartum
302 1205 330 1263 p.
348 1185 415 1246 Chr.
432 1186 592 1246 saeculum.
617 1185 679 1246 Hoc
694 1185 763 1246 iude
779 1186 922 1264 sequitur,
938 1188 1017 1266 quod
1034 1187 1065 1247 in
1081 1187 1287 1252 instrumentis

141 1282 331 1360 emptionum
355 1301 410 1344 seu
432 1283 530 1344 latinis
554 1302 606 1343 seu
630 1283 747 1359 gallicis,
777 1303 852 1362 quae
876 1285 906 1344 in
931 1285 1073 1346 tabulario
1095 1287 1176 1347 urbis
1199 1287 1287 1348 Narb.

141 1389 367 1454 conservantur,
383 1379 663 1461 frequentatur²⁸²).
687 1382 770 1442 Unde
784 1381 859 1442 ellici
874 1383 989 1444 videtur
1005 1383 1180 1462 Capitolium
1196 1387 1288 1446 luisse

142 1509 354 1520 nnn—nn...-

212 1584 258 1646 ²³⁰)
276 1584 312 1634 De
332 1585 393 1635 clar.
414 1585 468 1634 urb.
488 1583 554 1647 Χ111,
575 1585 618 1636 14:

346 1668 459 1732 quodque
477 1666 526 1716 tibi
544 1666 667 1730 quondam
680 1665 755 1716 Pario
775 1667 805 1716 de
824 1681 948 1718 marmore
967 1669 1088 1734 templum

347 1755 433 1798 tautae
452 1748 526 1797 molis
546 1754 611 1810 erat,
630 1754 747 1813 quautam
766 1763 815 1796 000
834 1755 969 1812 sperneret
987 1749 1048 1798 olim

347 1830 501 1896 Tarquinius
519 1830 673 1894 Catulusque
692 1829 792 1891 iterum,
811 1837 955 1895 postremus
974 1831 1075 1894 atille,

347 1927 425 1962 aurea
443 1913 486 1977 qui
506 1912 599 1962 statuit
617 1910 729 1977 Capitoli
749 1913 859 1962 culmina
878 1913 981 1963 Caesar.

214 1991 258 2052 ¹⁵¹)
278 1991 308 2042 Α.
321 1992 364 2042 SS.
378 2010 401 2042 a.
415 1995 437 2042 d.
450 1991 488 2042 xl
500 1993 551 2043 kal.
564 1993 647 2058 April.
669 1997 755 2055 (meus.
770 1993 845 2043 Nlart.
864 2001 923 2043 tour.
937 1993 974 2044 IX
992 2011 1015 2060 p.
1029 1995 1101 2058 373l:
1120 1995 1216 2058 „Cuius
1233 2012 1288 2045 cum

142 2073 295 2134 magisterio
319 2073 456 2124 infidelitas
479 2073 654 2135 decresceret,
683 2073 746 2124 fides
771 2083 915 2140 cresceret,
936 2091 1063 2128 conversa
1087 2076 1288 2128 Narboueuslum

144 2154 307 2220 superstitio,
326 2170 389 2219 quae
406 2155 487 2206 adhuc
505 2154 668 2206 diversorum
687 2154 838 2220 templerum
858 2157 967 2206 culturis
982 2166 1007 2206 et
1019 2157 1140 2224 Capitolii
1153 2159 1289 2210 ambitione

143 2237 284 2301 pollebat“.

214 2317 257 2380 ¹³²)
276 2317 349 2367 Auno
376 2317 440 2369 1061
463 2319 580 2384 queritur
605 2314 756 2377 Guilredus,
781 2317 986 2384 archiepiscopus
1009 2319 1199 2383 Narbonensis,
1224 2321 1290 2388 quod

149 2397 289 2448 Beruardus
308 2401 481 2463 Bereugarius
500 2401 641 2450 vicecomes
661 2397 764 2462 „aul'ert
783 2399 807 2449 ei
826 2401 905 2465 ipsam
924 2403 1009 2452 sedern
1023 2411 1169 2452 sauctorum
1188 2402 1251 2453 10011
1264 2409 1290 2452 01

145 2481 263 2531 Pastoris
282 2489 308 2532 et
325 2489 411 2532 terras·
430 2495 493 2547 quae
511 2482 604 2532 ibidem
623 2489 672 2546 est,
697 2481 858 2532 medietatem
877 2483 992 2534 civitatis
1011 2483 1147 2536 Narbonae
1165 2500 1198 2535 ex
1215 2493 1288 2550 parte

144 2563 218 2613 Circi
241 2571 266 2612 ct
290 2573 376 2614 turres
395 2579 458 2629 quae
476 2565 502 2612 iu
521 2564 606 2614 eadem
626 2571 699 2628 parte
718 2571 777 2614 suut
796 2571 822 2614 01
841 2565 921 2630 ipsum
940 2566 1094 2632 Capitolium
1113 2569 1178 2632 quod
1196 2567 1288 2618 ibidem

145 2646 215 2696 est“.
252 2646 385 2696 Discordia
405 2647 494 2698 deiude
514 2647 548 2698 ita
567 2647 706 2712 composita
725 2655 778 2698 cst:
797 2683 826 2711 ,‚.
841 2685 845 2696 .
861 2685 867 2698 .
882 2655 909 2698 et
927 2649 957 2700 de
971 2649 1020 2699 ista
1034 2650 1097 2699 hora
1110 2649 1135 2698 iu
1151 2657 1227 2700 autea
1241 2664 1289 2698 000

144 2727 266 2778 dezebrei
286 2726 436 2778 Guifredum
450 2766 455 2778 .
468 2764 474 2776 .
489 2765 495 2777 .
508 2729 538 2776 de
556 2727 625 2792 ipsos
644 2743 730 2778 muros
749 2729 791 2779 vel
809 2735 896 2778 turres
918 2730 961 2794 qui
984 2737 1044 2780 suut
1065 2732 1095 2780 de
1115 2730 1191 2781 Porta
1210 2730 1290 2794 Regia

142 2824 225 2874 usque
244 2809 275 2858 ad
294 2811 385 2859 turrim
408 2810 565 2860 Maurescam
584 2825 617 2859 ex
636 2817 709 2875 parte
727 2810 811 2873 Circi,
835 2825 915 2874 neque
934 2811 964 2860 de
982 2811 1038 2876 ipsa
1061 2812 1121 2862 sede
1139 2812 1289 2862 Sanctorum

142 2890 210 2942 Iusti
230 2899 256 2940 et
273 2889 402 2955 Pastoris,
426 2907 506 2956 neque
527 2893 559 2941 de
584 2893 641 2956 ipso
665 2891 791 2957 Capitolio
815 2893 881 2957 quod
906 2899 946 2942 ast
968 2893 994 2942 iu
1017 2893 1138 2944 Narbona
1161 2909 1240 2959 neque
1259 2894 1290 2944 de

143 2973 216 3038 ipsas
233 2971 372 3024 lortezziau
391 2989 454 3039 quae
472 2975 544 3024 modo
563 2974 600 3024 ibi
619 2981 723 3024 suntet
741 2975 767 3024 iu
786 2981 861 3024 autea
875 2974 912 3024 ibi
925 2974 1027 3036 eruut“,
1046 2974 1077 3026 cl.
1091 2975 1193 3027 Valerii
1206 2974 1290 3026 Nutit.

144 3052 257 3106 Galliar.
276 3056 310 3116 (a.
327 3056 400 3118 1675)
420 3072 442 3121 p.
458 3056 507 3104 310
526 3071 571 3104 000
590 3071 639 3105 000
659 3056 773 3106 Histoire
792 3053 912 3118 gdudrale
936 3057 966 3104 de
985 3054 1135 3118 Languedoc
1157 3056 1290 3121 parilem.

144 3135 175 3200 Q.
194 3135 276 3187 Devic
294 3143 322 3186 et
339 3137 409 3187 11010.
428 3135 446 3186 1.
464 3136 583 3188 Vaissete
602 3135 742 3200 (Toulouse
764 3136 828 3186 1819
839 3139 904 3201 sqq.)
922 3135 1018 3188 tour.V
1035 3153 1058 3201 p.
1073 3137 1123 3186 540
1134 3151 1170 3201 sq.
1183 3163 1216 3174 -
1228 3152 1250 3186 0.
1266 3139 1289 3188 d.

143 3215 208 3269 XVl
226 3217 277 3268 lral.
295 3217 342 3268 lul.
361 3233 385 3269 a.
405 3219 484 3270 1144:
506 3218 648 3285 „Hairuond
666 3221 697 3269 de
715 3219 739 3268 la
762 3219 839 3269 Parte
858 3217 964 3284 lloyale,
988 3215 1165 3290 euupreseucc
1190 3219 1220 3268 de
1242 3216 1290 3268 Be-

144 3314 241 3363 reuger
259 3301 290 3350 do
309 3301 441 3366 Capdueill
460 3308 485 3350 ct
499 3339 504 3351 .
518 3337 524 3351 .
540 3301 568 3351 .“
604 3301 719 3352 Histoire
738 3301 759 3353 V
782 3317 805 3366 p.
826 3300 897 3350 1563.
917 3325 950 3336 -
968 3314 990 3350 a.
1009 3300 1031 3348 d.
1051 3299 1084 3350 lV
1103 3299 1152 3350 lral.
1171 3299 1247 3350 Mart.
1266 3315 1289 3350 0.

146 3381 226 3434 1193:
245 3382 310 3446 „bec
327 3389 408 3433 totum
426 3380 585 3432 tristanum
603 3389 629 3432 et
647 3385 756 3433 iuratum
779 3380 845 3432 inira
869 3397 954 3432 muros
977 3381 1090 3432 civitatis
1108 3381 1240 3446 Narbone,
1263 3382 1290 3432 iu

146 3465 220 3514 demo
239 3461 312 3514 Petri
330 3465 361 3513 de
380 3463 457 3526 Lacu,
476 3465 503 3513 10
521 3465 648 3529 prasentia
667 3463 739 3514 Petri
757 3463 893 3514 Haimuudi
911 3464 942 3514 de
956 3461 1083 3528 Capitolio
1100 3470 1127 3512 et
1139 3463 1291 3525 berengarii

145 3547 195 3598 lilii
214 3547 297 3597 eius“.
332 3546 447 3596 Histoire
466 3545 521 3598 Vlll
540 3563 563 3611 p.
575 3547 633 3596 418.
652 3575 684 3584 -
708 3563 731 3597 0.
750 3549 773 3596 d.
792 3545 830 3596 lX
847 3546 896 3596 lral.
917 3545 992 3596 Mart.
1016 3560 1039 3596 a.
1061 3545 1139 3596 1203:
1161 3547 1228 3608 „boc
1250 3551 1291 3594 to·
1323 3547 1325 3552 '

146 3637 200 3680 tum
218 3626 269 3678 1011
286 3627 379 3678 lactum
406 3637 432 3679 et
455 3629 584 3679 laudatum
607 3635 633 3678 01
654 3629 779 3678 firmatum
803 3628 834 3676 ab
859 3628 947 3678 eodem
972 3627 1073 3676 domiuo
1100 3627 1236 3691 Aimerico,
1264 3627 1290 3676 10

147 3711 220 3761 curia
237 3709 364 3774 Narbone,
383 3711 408 3759 iu
429 3709 943 3778 1100000110,οῐ100110001011000050011
962 3711 993 3758 de
1012 3709 1139 3774 Capitolio
1158 3715 1184 3758 et
1201 3707 1291 3758 fratris

147 3793 203 3843 eius
222 3791 356 3843 Guillelmi
374 3794 404 3842 de
424 3791 549 3858 Capitolio
562 3828 569 3842 .
583 3829 589 3842 .
602 3792 632 3842 .“
651 3791 716 3842 Hist.
736 3790 791 3844 Vlll
810 3809 834 3858 p.
848 3792 905 3842 489.
928 3818 962 3828 -
985 3806 1007 3839 0.
1026 3792 1048 3840 1.
1066 3788 1125 3840 Χ111
1143 3789 1194 3838 kal.
1212 3790 1290 3840 Mart.

147 3889 170 3924 a.
192 3875 271 3924 1215:
289 3875 418 3936 „Aruaud,
438 3872 595 3939 archevdque
615 3875 644 3923 10
662 3872 799 3923 Narbuuuo
885 3871 1014 3922 s’accorde
1032 3886 1096 3922 avec
1111 3871 1175 3920 Jeau
1194 3871 1291 3934 Bistau,

147 3971 179 4005 au
199 3954 266 4024 sajet
285 3955 315 4004 de
333 3955 360 4004 10
378 3955 524 4019 possession
543 3957 573 4004 de
592 3955 648 4019 cinq
667 3961 749 4014 tcum,
768 3951 867 4004 situe'es
886 3969 931 4003 sur
949 3951 1131 4002 lesmuraillcs
1151 3953 1181 4002 dc
1194 3952 1218 4001 la
1232 3949 1291 4014 citri,

149 4038 180 4088 dc
198 4037 269 4086 leurs
288 4051 387 4086 manses
411 4044 438 4086 et
456 4037 489 4084 du
507 4037 649 4100 Capitole“.
685 4035 841 4087 HistoireV
866 4051 888 4100 p.
907 4035 980 4084 1516.
1007 4061 1040 4070 -
1067 4051 1090 4084 a.
1108 4033 1132 4084 d.
1150 4031 1222 4084 XVll
1240 4033 1291 4083 101.

148 4117 231 4168 Μο100
251 4133 273 4168 a.
294 4117 371 4166 1215:
397 4124 495 4180 „testes
513 4124 573 4167 suut
590 4116 743 4167 Haimuudus
768 4118 798 4166 de
822 4117 898 4180 Salis,
925 4115 1082 4166 liertraudus
1104 4115 1134 4164 de
1160 4114 1291 4178 Oviliauo,

149 4199 304 4249 Haimuudus
317 4199 347 4248 10
360 4199 527 4261 (1001000000,
543 4198 684 4248 bernardus
694 4200 725 4248 de
738 4199 863 4262 Capitolio
877 4235 884 4248 .
898 4235 904 4247 .
919 4197 948 4248 .“
963 4197 1075 4247 Histoire
1088 4194 1143 4247 Vlll
1156 4212 1179 4261 p.
1189 4195 1247 4244 661.
1258 4221 1301 4242 -,

149 4280 303 4346 Capitolium
321 4281 399 4330 situm
417 4287 474 4329 erat
490 4279 517 4328 10
536 4295 566 4329 00
579 4280 649 4328 urbis
668 4286 741 4344 parte
755 4294 817 4343 quaa
830 4279 887 4330 vico
901 4279 1003 4328 comitis
1017 4283 1085 4339 erut3
1104 4277 1188 4341 itaque
1202 4291 1290 4326 nomeu

149 4377 225 4427 saepe
244 4361 359 4410 occurrit
384 4361 410 4410 iu
434 4359 505 4426 pacis
527 4360 705 4410 instrumentis
733 4359 800 4408 iuter
823 4360 1042 4424 archiepiscopum
1068 4365 1094 4408 et
1115 4357 1291 4408 vicecomitem

149 4442 234 4508 100110,
253 4459 275 4493 e.
294 4443 502 4506 0000000105.
521 4456 544 4492 a.
565 4441 629 4491 1232
653 4441 777 4502 (Histoire
796 4440 829 4493 Vl
846 4458 870 4508 p.
883 4441 952 4506 612).
989 4442 1062 4490 Auue
1088 4439 1153 4488 1248
1177 4438 1292 4504 queritur
