3180 5236
606 417 826 480 ..13-

228 594 331 676 Usque
357 593 393 654 ad
416 593 567 656 saeculum
599 592 809 656 duodecimum
838 609 948 654 nomen
983 592 1116 674 Capitolii
1146 591 1285 656 Latinum

138 699 292 756 servatum
315 712 381 754 esse
403 691 482 771 leges
505 692 663 754 nonnullae
693 693 853 754 maximam
881 699 994 772 partem
1023 692 1208 772 emptionum
1232 693 1287 754 do-

95 835 98 842 «
138 799 283 856 numento
306 800 384 853 sunt.
429 790 560 851 Subinde
576 790 750 852 vocabulum
774 791 873 869 lingua
888 790 1103 868 Francogallica
1118 791 1158 852 itu
1174 799 1286 854 mutata

141 899 188 953 est
204 899 237 952 ut
252 890 336 951 lieret
352 887 501 969 Capdueil
523 889 652 968 Cbatoyl
669 889 780 962 Cbatol,
798 889 931 962 Chatoul,
948 889 1083 962 Chatour,
1100 888 1285 970 Chateur¹⁷).

229 989 362 1052 Diximus
379 989 415 1050 de
432 987 575 1062 lontibus,
598 989 679 1050 unde
695 989 793 1050 omnis
809 989 970 1069 disputatio
986 990 1112 1068 petenda
1129 989 1183 1063 sit3
1207 1007 1288 1052 nunc

138 1090 266 1168 agedum
290 1105 560 1150 commemoremus
584 1107 635 1149 eos
660 1088 711 1167 qni
734 1087 770 1148 iis
794 1088 839 1150 usi
863 1098 949 1161 sunt,
979 1095 1011 1149 nt
1041 1089 1161 1150 iudicari
1192 1088 1288 1168 possit

137 1188 210 1268 quid
234 1206 288 1250 nos
317 1187 511 1258 voluerimus,
539 1186 609 1266 quid
639 1186 886 1266 praestiterimus.
932 1189 973 1249 do
999 1188 1135 1267 princeps
1165 1188 1285 1267 quidem

141 1287 345 1348 nominandus
361 1286 538 1365 Ducangins,
562 1285 661 1366 quiin
683 1287 823 1348 thesauro
847 1287 936 1348 medii
959 1286 1021 1348 aeri
1044 1285 1196 1348 latinitatis
1219 1306 1242 1348 s.
1259 1305 1285 1348 v.

139 1384 317 1465 Capitolium
341 1403 481 1462 magnum
505 1384 717 1464 Capitoliorum
747 1403 906 1446 numerum
936 1385 1061 1464 collegit.
1105 1385 1196 1447 Cuius
1224 1387 1286 1448 col·

137 1484 298 1546 lectionem
321 1485 357 1546 ad
380 1503 445 1546 earn
468 1483 614 1546 rationem
638 1483 752 1562 exigere
767 1502 830 1545 non
846 1484 988 1546 debemus
1004 1503 1080 1564 quae
1102 1483 1168 1545 iure
1185 1494 1287 1546 nostra

138 1591 237 1644 aetate
259 1584 438 1662 postulatur,
462 1583 573 1663 quippe
588 1583 640 1663 qui
656 1583 685 1644 iu
701 1583 887 1663 pensitandis
910 1584 1089 1663 scriptorum
1105 1583 1285 1645 testimoniis

138 1699 200 1742 non
218 1701 342 1762 eaquae
358 1701 433 1762 opus
449 1690 494 1742 est
509 1681 645 1742 cautione
663 1690 770 1743 umtur.
816 1683 900 1756 Quod
924 1683 1013 1762 igitur
1033 1683 1163 1762 peccavit
1186 1702 1285 1764 saepe,

141 1798 202 1842 nou
217 1780 272 1861 ipsi
288 1779 342 1842 sed
357 1781 444 1842 aetati
461 1780 531 1842 vitio
546 1782 715 1843 vertendem
729 1781 777 1842 sit.
813 1781 904 1842 Cuius
920 1781 1092 1844 relationem
1110 1801 1177 1844 cum
1193 1782 1286 1846 Brau-

139 1880 208 1941 uius
221 1879 379 1941 maximam
392 1889 505 1960 partem
519 1880 601 1940 nullo
613 1880 721 1941 iudicio
737 1879 868 1941 adhibito
885 1881 1083 1960 exscripserit,
1099 1881 1163 1942 eins
1178 1880 1286 1943 librum

137 1977 223 2040 nihili
238 1997 306 2040 esse
328 1987 572 2040 consentaneum.
618 1979 645 2040 ls
668 1980 748 2040 enirn
765 1997 844 2041 anno
870 1979 950 2040 1849
966 1997 1154 2059 programma
1178 1979 1286 2052 emisit,

138 2078 187 2138 cui
199 2077 365 2157 inscripsit:
379 2078 450 2152 „llic
459 2077 602 2158 llapitole,
616 2078 970 2160 Einladungsprogramm
980 2099 1013 2139 zu
1023 2079 1130 2140 deram
1140 2078 1286 2140 Geburts-

137 2184 202 2256 tage
226 2177 468 2237 Wincirelnaanns
491 2177 725 2238 statilindenden
742 2179 1091 2255 Generalversammlung
1115 2195 1172 2239 vou
1188 2179 1281 2240 diter·

138 2275 370 2336 tumslreunden
392 2275 433 2336 im
456 2275 669 2337 Rbeinlande.“
715 2278 856 2350 Quicum
881 2278 1027 2357 permulta
1044 2297 1118 2358 quae
1140 2279 1226 2339 docet
1249 2297 1286 2338 ne

139 2373 204 2452 ipse
227 2374 346 2454 quidem
370 2374 541 2453 perlegerit,
570 2375 603 2434 lit
625 2375 658 2436 rit
679 2376 752 2437 liber
775 2377 927 2437 erroribus
949 2377 1159 2438 refertissimus
1191 2376 1285 2456 sit¹⁸).

136 2582 288 2649 templorum
301 2584 332 2633 ad
346 2599 417 2633 nsum
430 2582 557 2650 publicum
578 2583 772 2634 vindicarentur
791 2582 833 2649 (cl.
847 2585 900 2635 cod.
915 2585 1009 2636 Theod.
1024 2585 1084 2640 XVI
1099 2588 1138 2652 10,
1152 2589 1204 2654 19),
1222 2601 1285 2654 qnae

138 2666 181 2714 lex
200 2680 264 2715 anuo
283 2665 333 2715 leo
359 2663 535 2716 aTheedosio
562 2673 589 2715 et
606 2665 788 2717 Valentiniano
813 2667 851 2718 ita
873 2668 1047 2730 redintegrata
1072 2677 1157 2720 estut
1176 2685 1285 2735 eaquae

139 2754 302 2812 superessent
322 2747 414 2813 templa
432 2747 532 2797 destrui
551 2755 576 2796 et
595 2747 667 2810 signo
681 2748 777 2798 Christi
791 2750 914 2813 erigendo
928 2750 1028 2814 expiari
1041 2751 1165 2814 iuberent,
1184 2750 1216 2801 cl.
1230 2751 1285 2802 cod.

139 2828 232 2879 Theed.
245 2827 307 2880 XVl
323 2829 362 2893 10,
382 2830 423 2879 25.
468 2829 552 2880 Verbo
572 2829 654 2893 igitur
671 2838 789 2880 monetur
807 2837 834 2879 nt
847 2831 938 2896 templa
952 2831 977 2880 in
992 2847 1062 2881 usum
1081 2833 1216 2898 publicum,
1237 2850 1285 2883 uon

138 2911 163 2961 iu
182 2911 307 2962 ecelesias
332 2918 531 2974 convertantur3
560 2926 631 2977 quam
655 2911 686 2960 ob
710 2928 763 2962 rem
786 2913 807 2962 si
832 2913 957 2963 ecclesias
981 2912 1006 2963 iu
1030 2912 1201 2966 fundamentis
1222 2923 1285 2966 tem-

138 2993 237 3058 plorum
256 3008 312 3044 esse
331 2993 497 3058 reperiemus,
516 3009 559 3043 aas
578 2993 609 3043 ad
628 3009 702 3044 uuam
722 3009 807 3044 omnes
820 3000 880 3044 ante
894 2996 1008 3060 quintum
1022 2997 1064 3046 vel
1077 3005 1176 3047 sextum
1190 3013 1213 3063 p.
1226 2997 1284 3048 Chr.

137 3075 265 3126 saeculum
288 3091 337 3125 nou
356 3075 501 3125 aedificatas
525 3090 581 3125 esse
600 3075 789 3126 arbitrabimur.
834 3077 1006 3128 annosarum
1028 3079 1201 3144 quaestionem
1221 3079 1285 3144 quod

138 3158 230 3206 attinet
252 3156 406 3221 Capitolium
429 3157 642 3220 Carthaginiense
666 3164 724 3223 post
747 3173 839 3208 annum
865 3159 914 3210 408
940 3175 984 3224 pro
1007 3161 1111 3211 aerario
1137 3161 1286 3226 provinciae

138 3237 240 3288 Africae
265 3236 346 3287 luisse
370 3238 471 3288 scimus.
507 3237 533 3287 ln
553 3239 681 3306 Capitolio
701 3239 985 3306 Constantinopolitano
1004 3243 1077 3306 signo
1097 3241 1202 3304 Christi,
1220 3243 1285 3307 quod

138 3335 202 3370 anno
221 3335 245 3384 p.
264 3320 321 3370 Chr.
339 3319 389 3370 408
413 3327 499 3371 terrae
523 3328 593 3371 motu
616 3321 742 3371 decidisse
760 3323 880 3384 traditur,
899 3325 1002 3389 expiato
1023 3325 1166 3390 philosophi
1185 3325 1286 3374 scholas

136 3401 257 3452 habuere.
293 3401 450 3453 Vesontinue
470 3411 496 3453 et
514 3401 625 3454 Tolosae
644 3404 799 3454 Christianis
823 3405 935 3454 ecclesia
957 3421 1005 3454 non
1027 3405 1128 3456 eratin
1148 3405 1285 3471 Capitolio,

136 3483 179 3535 sed
199 3499 276 3549 prope
294 3483 463 3549 Capitolium,
487 3485 596 3550 nequid
619 3486 701 3536 dicam
723 3486 754 3536 de
776 3486 902 3552 Capitolia
923 3487 1042 3551 liemaro,
1066 3489 1131 3553 quod
1154 3502 1285 3553 numqua·

135 3567 244 3618 ecclesia
263 3563 365 3618 lactum.

202 3649 233 3710 ¹⁷)
256 3664 315 3714 eg.
330 3649 571 3715 Nachproviaciae
589 3656 677 3716 poeta,
697 3651 740 3716 qni
759 3651 828 3701 vixit
846 3652 892 3701 suh
909 3651 982 3702 finem
1001 3652 1099 3703 saeculi
1117 3650 1177 3716 Xll,
1197 3665 1284 3701 nomeu

136 3728 186 3782 lert
204 3729 271 3781 Pont
289 3731 319 3780 de
339 3731 473 3797 Capdueil;
493 3730 524 3782 el.
537 3732 647 3782 histoire
666 3729 786 3797 gaine'rale
805 3733 836 3784 da
849 3733 1001 3796 Languedoc
1019 3751 1066 3801 par
1079 3735 1148 3785 Dour.
1164 3734 1192 3800 Q.
1206 3735 1285 3785 lievic

136 3820 161 3864 et
179 3813 250 3864 Dour.
270 3813 292 3863 J.
308 3812 428 3864 Vaisaete
445 3820 507 3864 tom.
526 3812 560 3866 Vl
579 3830 602 3880 p.
624 3816 679 3866 lut.
717 3815 809 3868 Cetera
822 3817 861 3867 xd.
880 3815 947 3868 inira
960 3817 1014 3867 sub.
1033 3834 1058 3869 v.
1076 3816 1162 3867 Narbo
1175 3815 1284 3867 Martius

136 3901 161 3945 at
179 3894 312 3947 Vesontio.

201 3977 234 4043 ¹⁸)
261 3977 299 4029 Ne
321 3977 378 4043 quis
401 3993 440 4028 me
468 3977 583 4043 cupidius
613 3979 638 4030 ia
670 3979 743 4030 illum
771 3980 859 4031 invem
887 3987 972 4046 putet,
1000 3995 1115 4032 errorum
1143 3982 1284 4048 exemplum

135 4059 205 4110 adde.
236 4057 309 4122 Quod
327 4059 421 4110 scribit
439 4060 583 4124 llucaugius
601 4061 619 4112 l.
638 4062 656 4112 l.
677 4068 768 4124 ‚,erant
785 4062 901 4113 coloniae
920 4063 992 4128 quusi
1011 4061 1109 4127 efligies
1128 4079 1222 4130 parvas
1239 4081 1284 4131 po-

136 4141 187 4208 puli
200 4139 307 4192 Romani
326 4141 474 4206 aequatura
491 4142 617 4192 habehant
629 4144 733 4206 ¹theatra
747 4143 858 4194 thermas
872 4143 1028 4209 Capitolia“,
1040 4145 1067 4194 id
1087 4145 1209 4209 religiose
1222 4161 1283 4197 auae

137 4222 311 4274 dissertationi
324 4225 392 4289 (pag.
406 4223 431 4284 3)
445 4223 569 4275 Braunius
583 4224 707 4287 inseruit;
726 4232 846 4290 attamen,
860 4226 883 4274 si
898 4224 1009 4276 Gellium
1022 4227 1173 4286 evolvisset,
1192 4228 1283 4277 ultima

138 4305 212 4356 verba
230 4306 345 4356 scrihere
364 4322 413 4356 aon
433 4307 522 4372 potuit.
550 4303 651 4358 Gellius
670 4307 737 4357 enim
756 4309 821 4374 quod
834 4307 978 4370 Ducangius
996 4309 1075 4360 tradit
1087 4310 1109 4360 si
1124 4309 1283 4374 scripsisset,

137 4387 280 4450 gravissimi
306 4388 417 4440 numinis
444 4389 594 4440 haberemus
620 4397 795 4450 argumentum
822 4390 979 4454 quaestionis
1008 4397 1112 4440 nostrae
1135 4389 1282 4440 solvendae.

137 4469 251 4520 Ceterum
270 4471 359 4538 quihus
377 4471 518 4538 complevit
530 4471 592 4522 libri
605 4472 646 4522 sui
658 4473 764 4538 paginas
776 4471 885 4534 triginta
897 4472 959 4520 duas
971 4478 1073 4536 praeter
1085 4485 1159 4536 pagg.
1174 4471 1282 4521 12-22.
