3180 5236
775 423 994 486 ..66-

311 598 467 677 Templum
493 597 589 658 medio
616 597 679 660 lere
702 599 783 660 urbis
812 599 877 660 loco
901 600 992 660 luisse
1022 599 1197 660 effossiones
1227 607 1328 661 nostra
1360 607 1459 661 aetate

308 696 463 757 institutae
485 696 661 758 confirmare
684 697 891 777 videntem).

394 796 653 874 Augustodunum,
677 795 781 857 urbem
798 797 968 857 Aeduorum
987 795 1168 875 primariam,
1192 814 1372 874 quamquam
1393 797 1458 858 Eu·

309 893 427 956 menius
449 894 467 954 l.
491 913 517 954 c.
540 912 602 973 cup.
619 894 638 952 5
655 893 720 954 init.
743 894 889 955 coloniam
913 895 1048 973 appellat,
1073 913 1106 954 eo
1130 894 1195 953 iure
1219 912 1278 954 non
1295 895 1387 956 fuisse
1411 896 1458 955 vi-

308 993 403 1063 detur,
433 1011 500 1054 cum
528 1011 677 1072 nusquam
707 1000 830 1073 excepto
862 993 996 1054 Eumenii
1027 993 1091 1053 loce
1119 992 1232 1053 colonia
1261 993 1375 1055 dicatur
1402 993 1456 1072 (ef.

307 1090 426 1170 Zumpt.
451 1091 469 1151 l.
494 1111 516 1152 c.
542 1091 552 1150 Ι
577 1090 662 1166 438).

796 1267 955 1322 Vesontio.

392 1383 434 1444 De
458 1383 600 1463 Capitolio
622 1403 689 1446 cum
714 1385 820 1446 Castan
843 1385 884 1445 ita
907 1385 1008 1461 egerit,
1032 1387 1079 1446 vix
1102 1393 1135 1446 nt
1151 1385 1314 1464 quidquam
1335 1386 1455 1448 monitu

307 1482 429 1562 dignum
451 1483 645 1564 relinquatur,
670 1485 732 1544 fieri
756 1498 816 1544 non
840 1483 939 1563 potuit
961 1484 1033 1562 quin
1056 1503 1124 1544 eum
1147 1493 1244 1543 totum
1269 1501 1420 1562 sequerer.

392 1581 583 1643 Ordinarium
607 1584 763 1661 antiquum
793 1583 933 1644 ecclesiae
956 1582 1138 1656 bisuntinae,
1168 1583 1243 1643 intra
1273 1599 1368 1642 annos
1391 1583 1457 1642 612

307 1692 336 1741 et
359 1681 420 1742 625
444 1680 644 1759 conscriptum
670 1691 700 1741 et
722 1689 824 1760 postea
848 1681 964 1759 saepius
987 1681 1206 1758 amplificatum,
1235 1699 1373 1760 pompam
1404 1700 1456 1741 ec-

307 1779 498 1840 clesiasticam
523 1779 569 1839 die
597 1779 764 1840 Pelmarum
795 1778 1001 1840 celebrandam
1031 1779 1073 1839 sic
1101 1778 1316 1853 describit²⁴⁷):
1347 1779 1456 1851 „Post-

306 1897 394 1959 quam
412 1923 420 1938 .
437 1921 465 1938 ..
490 1879 641 1955 processio
665 1887 745 1939 extra
769 1878 921 1938 ecclesiam
950 1877 1003 1955 (sc.
1028 1878 1057 1938 S.
1081 1877 1174 1946 Pauli)
1205 1877 1305 1948 fuerit,
1335 1878 1457 1956 incipiat

308 1978 401 2038 maior
430 1984 534 2036 cantor
567 1977 757 2056 antiphonam
794 1978 879 2037 Cum
908 1976 1241 2055 appropinquaret
1269 1985 1324 2036 etc.
1370 1976 1456 2047 Quae

306 2075 349 2136 sic
371 2074 567 2154 protendatur
596 2077 689 2136 donec
710 2077 745 2137 ad
770 2075 992 2156 Capitolium
1017 2075 1213 2154 perveniatur.
1258 2074 1360 2136 Clerici
1385 2093 1454 2135 eum

305 2174 496 2253 processione
521 2175 717 2236 monticulum
740 2175 901 2236 ascendant
930 2183 959 2234 et
981 2174 1022 2234 ibi
1045 2193 1076 2234 se
1106 2174 1243 2234 ordinent
1273 2175 1396 2234 honeste
1421 2181 1450 2234 et

305 2273 457 2349 religiose3
486 2275 572 2336 turba
602 2284 700 2336 autem
731 2275 763 2335 in
793 2275 925 2335 convalle
943 2283 999 2334 stet
1017 2319 1023 2334 .
1040 2319 1072 2333 ..
1119 2273 1170 2333 llis
1186 2272 1289 2344 linitis,
1313 2272 1455 2332 ordinent

308 2390 341 2432 se
364 2371 441 2433 sicut
462 2373 546 2452 prius
569 2383 599 2434 et
621 2383 743 2434 teneant
766 2383 903 2453 coeptum
929 2373 1059 2433 iter...
1098 2372 1135 2431 Et
1163 2391 1230 2432 cum
1257 2371 1395 2432 venerint
1418 2372 1452 2431 ad

306 2470 425 2532 Portam
449 2472 558 2544 Martis,
583 2491 657 2550 quae
681 2489 763 2532 nunc
785 2472 892 2532 dicitur
908 2471 1005 2548 Nigra,
1029 2479 1109 2530 stent
1125 2471 1209 2551 pueri
1225 2489 1316 2549 snper
1333 2488 1453 2530 murum

306 2569 440 2641 civitatis,
464 2579 619 2630 cantantes
642 2571 743 2631 laudes
767 2570 864 2630 Gloria
889 2575 975 2630 etc.“.
1020 2569 1104 2629 Unde
1126 2569 1269 2648 sequitur,
1297 2576 1331 2628 ut
1359 2570 1454 2648 septi-

307 2686 355 2727 mo
378 2669 496 2730 saeculo
514 2671 627 2730 medius
649 2670 730 2730 inter
751 2669 904 2730 ecclesiam
928 2688 951 2728 s.
969 2669 1050 2730 Pauli
1075 2678 1105 2730 et
1122 2677 1222 2748 portae
1238 2668 1343 2746 Nigrae
1359 2669 1453 2738 locus,

306 2767 357 2846 qui
385 2785 447 2827 non
470 2767 500 2830 in
524 2769 688 2830 monticulo
717 2769 766 2828 sed
790 2769 852 2829 eius
874 2768 929 2828 sub
950 2767 1098 2828 radicibus
1121 2777 1207 2838 esset,
1230 2785 1341 2828 nomen
1367 2767 1455 2846 Capi-

306 2865 372 2928 tolii
401 2867 503 2928 ferret.
556 2867 655 2929 Tertio
690 2867 804 2928 decimo
834 2868 951 2928 saeculo
987 2887 1053 2927 cum
1083 2867 1130 2928 illa
1161 2866 1242 2927 urbis
1271 2865 1351 2943 regio
1380 2866 1454 2926 adeo

307 2965 444 3026 aedificiis
468 2965 577 3027 referta
601 2973 687 3037 esset,
712 2973 745 3026 ut
768 2983 876 3044 pompa
899 2965 933 3026 ad
958 2965 1135 3044 Capitolium
1159 2965 1322 3026 consistere
1345 2965 1454 3043 nequi-

305 3071 361 3135 ret,
389 3081 462 3124 crux
490 3063 638 3124 adoranda
667 3063 806 3124 translata
835 3073 879 3124 est
907 3064 942 3124 ad
975 3064 1125 3124 ecclesiam
1155 3065 1182 3124 S.
1207 3062 1342 3134 Mauritii,
1376 3080 1454 3141 quae

307 3161 441 3241 proxime
463 3161 520 3222 sita
544 3162 722 3242 Capitolium
746 3159 973 3242 superabat²⁴⁸).
1019 3163 1078 3222 Sub
1095 3162 1183 3222 linem
1201 3161 1309 3222 saeculi
1325 3160 1390 3220 Xlll
1408 3161 1453 3220 vi-

305 3312 491 3378 llereuliosque
515 3313 622 3362 audiant
644 3311 790 3376 praedicari
814 3311 926 3378 luppiter
953 3320 1026 3378 pater
1053 3320 1079 3363 et
1104 3312 1221 3363 Minerva
1248 3313 1318 3363 socio
1341 3321 1368 3363 et
1391 3311 1453 3362 lune

302 3395 431 3460 plaoata.“

369 3476 414 3538 ²⁴⁸)
432 3476 530 3526 ssnlliot
547 3491 586 3541 ap.
609 3473 702 3526 Ceston
727 3477 745 3525 l.
765 3477 781 3526 l.
807 3493 830 3542 p.
848 3478 880 3527 68
905 3478 961 3529 edu.
998 3477 1064 3528 ldem
1091 3477 1283 3540 dissertatione,
1311 3493 1383 3543 quam
1411 3478 1454 3528 in-

301 3557 426 3622 scriptum
453 3557 658 3622 „observatione
682 3557 840 3622 historiques
863 3566 889 3609 et
913 3557 1023 3610 arebdol.
1043 3575 1088 3608 sur
1111 3560 1149 3608 les
1173 3557 1275 3608 fouilles
1298 3557 1454 3623 d'Anffusto·

300 3639 412 3688 dunum“
434 3639 547 3688 ¹inseruit
570 3639 826 3689 commentationibus
849 3640 958 3690 academ.
1000 3641 1165 3691 sorbonne.
1188 3641 1251 3692 1811
1270 3657 1293 3706 p.
1310 3641 1453 3703 rat-leo,

301 3721 332 3771 de
354 3719 542 3783 magnificentia
567 3736 668 3786 operum
692 3721 853 3786 antiquorum
880 3724 942 3772 heee
964 3721 1027 3772 fucit
1050 3722 1141 3772 verba:
1165 3723 1287 3786 „dueuue
1310 3723 1453 3772 ruine

304 3801 466 3867 n’annonqait
485 3817 534 3853 une
553 3801 649 3865 grande
667 3802 800 3853 richesse.
817 3841 842 3852 ..
862 3803 933 3854 C’est
950 3800 984 3866 lb,
1007 3817 1057 3851 eux
1081 3803 1212 3854 alentours
1236 3805 1269 3853 du
1288 3803 1406 3870 Capitele
1426 3813 1453 3854 et

303 3885 336 3934 du
354 3883 447 3950 lorum,
466 3885 554 3952 qu'out
572 3883 614 3936 etsi
633 3881 786 3936 ddcouverts
809 3886 849 3936 les
868 3886 950 3950 objets
974 3886 1049 3949 d’art,
1076 3885 1114 3936 les
1138 3885 1219 3937 belles
1237 3885 1392 3952 monuiques,
1412 3887 1452 3938 les

302 3967 413 4027 grandes
431 3967 585 4032 sculptures.
622 3968 764 4018 Amesure
783 3967 858 4032 qu’on
878 3967 1027 4031 s'eloigneit
1049 3968 1079 4018 de
1104 3983 1133 4017 ce
1158 3975 1247 4019 centro
1269 3967 1392 4034 lurueux,
1420 3985 1452 4018 en

302 4048 422 4098 reculant
439 4064 501 4100 vers
520 4050 559 4100 les
577 4055 713 4116 rempartq,
736 4049 762 4099 la
781 4047 951 4115 somptuosite
970 4051 1013 4100 des
1033 4051 1224 4100 constructione
1243 4051 1388 4114 diminuait3
1411 4051 1452 4102 les

300 4128 458 4196 mosaiques,
476 4131 516 4181 les
534 4131 657 4194 mermes,
676 4131 830 4182 devenient
848 4133 906 4197 plus
919 4147 991 4182 rarus
1011 4149 1043 4182 ou
1056 4133 1111 4198 plus
1124 4133 1262 4196 grossiore,
1279 4132 1304 4182 le
1317 4132 1452 4198 chapiteau

302 4211 449 4262 corinthieu
468 4211 658 4278 disparissait“.

372 4294 415 4357 ⁹⁴²)
434 4295 532 4356 bened,
559 4293 673 4344 Histoire
697 4295 740 4345 des
763 4291 903 4360 quuanois
930 4303 956 4346 et
974 4295 1007 4344 du
1027 4293 1110 4346 comte
1138 4297 1168 4346 de
1195 4295 1346 4359 Bourgogne
1376 4295 1451 4362 1135,

301 4389 413 4440 preuves
431 4391 454 4442 p.
467 4373 555 4426 XXX.

368 4457 413 4521 ¹⁴⁸)
432 4457 520 4509 Mense
542 4457 609 4511 Nor.
635 4474 658 4510 a.
684 4459 749 4510 1218
772 4458 839 4510 inter
862 4458 995 4510 ecclesium
1022 4459 1048 4511 S.
1076 4457 1177 4510 loannis
1205 4466 1232 4512 et
1254 4459 1396 4512 (luidonem
1419 4460 1450 4511 de
