3180 5236
633 381 834 441 ...7,

200 561 203 566 ’
247 556 421 637 Sequuntur
442 555 559 618 nummi
581 555 632 636 qui
655 556 686 618 in
710 556 828 618 Graecia
852 564 881 618 et
903 556 971 618 Asia
999 575 1067 619 eum
1095 557 1304 637 inscriptiones

150 656 281 718 Latinae
303 655 491 735 reperiantur
505 674 669 736 perpaucae
692 657 849 718 maximam
866 655 975 718 hahent
989 656 1204 719 auctoritatem.
1241 657 1304 720 lteli

150 755 239 816 enim
263 755 293 815 in
317 755 462 816 civitatem
486 755 597 836 recepti
619 775 686 818 cum
711 773 851 818 nummos
880 756 989 818 oudme
1012 755 1092 818 vetiti
1114 755 1244 834 indeque
1265 755 1303 818 ah

149 854 291 930 Augusto
318 873 367 916 aes
389 873 512 916 aureum
542 863 774 934 argenteumque
803 854 932 916 feriundi
960 862 1092 935 potestas
1120 855 1196 916 facta
1223 863 1303 921 esset

148 952 358 1033 imperatoris,
381 959 483 1014 tamen
500 973 549 1014 aes
564 962 783 1032 argentumque
797 953 912 1032 signare
929 953 1024 1030 magnai
1041 953 1170 1014 nominis
1187 953 1302 1032 oppidis

150 1051 263 1130 velque
284 1052 407 1114 coloniis
432 1053 570 1114 Graeciae
591 1063 622 1113 et
636 1052 722 1114 Asiae
744 1053 891 1132 permissu
907 1051 1092 1130 imperatoris
1108 1060 1158 1112 aut
1173 1069 1301 1130 procon-

148 1149 230 1212 sulis
253 1169 427 1214 concessum
452 1150 555 1230 eratl).
601 1151 704 1232 Neque
728 1169 795 1212 vero
818 1151 910 1213 libros
932 1149 1114 1213 nummarios
1137 1169 1213 1228 quos
1236 1150 1301 1216 edi-

149 1249 265 1312 derunt
299 1250 470 1314 Vaillantius
506 1250 662 1314 Echhelius
698 1251 857 1314 Mionetius
884 1249 1043 1312 excutienti
1071 1249 1193 1328 contigit
1229 1249 1301 1312 mihi

150 1357 187 1410 ut
210 1351 278 1428 plus
301 1367 394 1412 unum
410 1358 487 1412 certa
504 1351 631 1430 quadam
643 1351 703 1412 *fide
720 1350 887 1428 exemplum
903 1367 1051 1419 eruerem,
1074 1348 1140 1410 dico
1155 1348 1299 1428 templum

146 1447 228 1510 lovis
252 1447 415 1527 Capitolini
429 1449 661 1522 Antiochiae,
685 1468 760 1528 quae
783 1448 852 1510 urbs
875 1457 920 1510 est
943 1446 1083 1521 Gariaelt.

222 1655 243 1719 Ι)
262 1653 293 1705 cl.
312 1655 469 1722 Marquardt.
488 1655 584 1708 enchir.
603 1655 624 1706 ll
642 1673 665 1724 p.
680 1657 712 1706 36
732 1683 762 1694 -
781 1656 917 1710 Pindarum
936 1655 962 1706 in
975 1655 1039 1706 actis
1052 1652 1130 1708 Aaou.
1146 1653 1200 1708 litt.
1213 1653 1297 1706 Berol.

149 1751 174 1788 a.
197 1737 263 1788 1855
282 1754 304 1802 p.
319 1737 368 1788 538
379 1753 415 1806 sq.
893 1757 895 1762 ·

219 1820 239 1880 ³)
258 1818 399 1869 Memorato
419 1819 521 1882 dignum
540 1819 654 1886 virisque
673 1820 756 1870 doctis
774 1820 857 1870 minus
877 1825 963 1868 notum
984 1815 1087 1867 videtur
1111 1819 1249 1882 essequod
1270 1819 1296 1868 in

148 1901 259 1951 nummis
283 1901 470 1966 Aphrodisiade
494 1908 520 1950 et
543 1899 670 1967 Heliopoli
698 1901 767 1952 cusis
791 1901 907 1950 ludorum
932 1899 1133 1966 Capitolinorum
1157 1899 1250 1948 mentio
1270 1899 1298 1949 lit

147 1982 195 2046 ita,
215 1989 244 2032 ut
261 1981 304 2032 illi
324 1983 382 2047 quin
402 1983 439 2032 ihi
458 1983 511 2032 acti
524 1983 577 2032 sint
588 1983 714 2034 dubitatio
727 1983 826 2033 moveri
840 1987 954 2048 nequeat.
991 1981 1057 2030 Ecce
1072 1979 1297 2046 nummusAphro-

147 2065 272 2114 disienaia
292 2062 423 2114 Gordiano
441 2062 472 2114 lll
490 2072 615 2128 regnante
633 2079 722 2114 cusae:
746 2061 967 2135 >reportantem
990 2063 1016 2112 in
1039 2062 1102 2112 arria
1125 2075 1222 2125 magoa-
1234 2077 1297 2128 quae

149 2153 190 2196 est
213 2145 239 2196 in
262 2161 350 2198 mensa
373 2147 494 2210 quadrata
518 2147 641 2212 scriptum
666 2154 717 2198 est:
743 2146 903 2216 Popdrcaeie
920 2141 1056 2198 Ἀτιαλεῐα
1083 2151 1110 2196 et
1134 2145 1159 2196 in
1182 2144 1296 2206 margine

146 2242 250 2278 mensae
272 2225 450 2289 Καπετώλιας
475 2224 507 2278 cl.
527 2227 632 2278 Miooet.
657 2227 758 2278 vol..lll
777 2245 803 2294 p.
820 2227 869 2280 329
889 2245 911 2280 n.
934 2227 995 2290 1523
1020 2225 1125 2278 Eckhel.
1146 2226 1173 2278 0.
1192 2223 1223 2276 Ν.
1242 2225 1295 2293 vol.

148 2307 182 2358 lV
201 2324 225 2374 p.
238 2308 301 2374 4353
326 2307 390 2371 437;
414 2308 537 2360 Vaillant.
565 2307 688 2360 Numism.
717 2317 779 2362 vett.
806 2309 880 2375 impp.
907 2327 930 2376 p.
945 2309 1002 2358 149.
1039 2307 1142 2358 Attalea
1165 2305 1190 2358 in
1215 2308 1294 2358 hono-

147 2405 202 2440 rem
220 2389 305 2440 Attali
323 2389 493 2454 Philadelphi,
514 2389 658 2442 Gordianea
683 2391 708 2442 in
734 2390 859 2442 Gordiani
882 2391 923 2442 Pii
947 2388 1132 2456 Aphrodisiade
1151 2387 1219 2439 edita
1238 2399 1295 2438 esse

147 2477 252 2536 praeter
275 2471 383 2522 alterum
407 2486 531 2521 nummum
558 2475 622 2538 apud
642 2473 747 2523 hlionet.
768 2473 819 2523 vol.
837 2468 869 2522 ill
888 2487 910 2538 p.
924 2471 974 2522 330
999 2487 1021 2520 ιι.
1043 2467 1092 2521 159
1110 2472 1183 2520 docet
1201 2469 1294 2520 titulus

147 2553 175 2603 G.
194 2551 212 2602 l.
230 2551 276 2602 Gr.
304 2553 356 2603 vol.
374 2551 396 2602 ll
419 2569 443 2604 n.
461 2543 536 2605 2801.
580 2555 725 2605 certamina
751 2555 833 2618 igitur
855 2545 922 2619 'puae
953 2569 1009 2604 cnm
1041 2554 1075 2603 iis
1107 2552 1294 2615 coniungantur

147 2633 294 2700 Capitolina
312 2635 523 2699 Aphrodisiadem
542 2645 659 2702 spectare
678 2637 735 2702 quis
754 2653 803 2686 non
822 2635 968 2697 intellegit?
986 2662 1018 2672 -
1036 2633 1135 2706 Nummi
1148 2640 1233 2684 autem
1246 2633 1294 2682 Ha·

148 2715 294 2780 liopolitani
313 2723 373 2766 sunt
390 2717 429 2765 hi:

167 2800 188 2848 l.
215 2813 328 2847 nummas
347 2797 495 2849 Caracallae
514 2813 552 2864 ap.
567 2799 671 2849 Mionet.
690 2800 778 2851 rth
798 2815 821 2866 p.
838 2799 888 2850 299
907 2816 930 2848 n.
943 2799 1006 2850 108:
1025 2798 1050 2848 in
1064 2795 1160 2848 fronte:
1179 2795 1213 2846 M.
1228 2795 1290 2846 Aur.

155 2917 158 2927 .
214 2878 357 2930 Antoninus
375 2874 439 2944 Aug.
461 2895 517 2930 earn
536 2883 619 2946 eapite
638 2881 786 2932 Caracallae
808 2883 939 2943 laureat03
963 2881 990 2932 in
1014 2885 1086 2946 perte
1109 2893 1213 2930 aversa:
1237 2877 1291 2928 Col.

213 2959 261 3011 lul.
288 2961 353 3025 Aug.
372 2962 430 3012 nel.
456 2963 512 3013 Hel.
539 2979 594 3012 curn
620 2963 703 3013 trihus
731 2965 804 3014 urnis
825 2963 975 3026 agonalihns
1003 2960 1135 3029 palmatia;
1162 2957 1231 3012 infre
1254 2956 1293 3024 „t‘t

213 3041 378 3105 l’exergue“:
397 3043 466 3094 Gert.
485 3060 551 3094 sacr.
570 3045 630 3110 Cap.
650 3044 710 3094 Gec.
728 3043 786 3094 lsel.
805 3045 861 3096 llel.

165 3125 187 3174 l.
214 3141 328 3174 nummus
348 3125 482 3176 Valeriani
499 3127 516 3175 l.
535 3126 553 3175 l.
572 3143 595 3192 p.
616 3127 665 3176 30l
684 3143 708 3176 n.
724 3126 783 3177 136:
801 3126 861 3192 Imp.
880 3127 952 3178 Gaea.
971 3125 999 3178 P.
1017 3124 1070 3176 Lic.
1089 3121 1244 3174 Valerianus
1262 3121 1293 3171 Ρ.

214 3204 231 3256 l.
250 3207 324 3270 Aura,
342 3207 369 3256 iu
381 3213 454 3272 parte
467 3223 572 3258 averso:
593 3207 648 3260 Ger.
668 3223 719 3259 soc.
740 3209 797 3275 Cap.
817 3208 876 3260 Oce.
889 3207 946 3260 lsel.
966 3208 1022 3258 Hel.
1037 3205 1133 3258 athleta
1146 3203 1226 3254 nudus
1239 3208 1292 3254 atat

214 3289 398 3339 dextramne
417 3289 442 3338 iu
462 3305 551 3340 urnam
570 3290 705 3355 submissa,
724 3291 832 3342 sinistra
850 3291 957 3356 palmam
976 3296 1087 3352 gestans.

163 3370 185 3420 3.
206 3387 236 3420 ιι.
256 3370 368 3421 eiusdem
385 3371 549 3438 imperatoris
567 3373 584 3422 l.
598 3373 616 3422 l.
636 3389 658 3437 p.
672 3374 721 3423 305
741 3391 764 3422 n.
780 3373 841 3424 137:
865 3373 921 3424 Suo.
941 3373 1002 3438 Gap.
1021 3371 1081 3422 Oce.
1100 3368 1152 3430 laea
1175 3367 1224 3418 duo
1238 3364 1292 3416 viri

212 3452 291 3516 pallio
315 3453 398 3503 induti
420 3462 448 3504 et
470 3455 589 3504 sedentes
614 3454 693 3520 capiti
717 3455 822 3520 quisque
847 3469 966 3504 coronam
988 3455 1122 3520 imponunt
1143 3461 1290 3509 aternam,

211 3535 237 3584 ia
257 3550 305 3600 qua
322 3535 385 3584 dnae
403 3535 507 3600 palmae,
528 3551 601 3586 manu
619 3542 720 3598 tenent3
739 3536 822 3586 media
840 3543 881 3586 est
899 3551 950 3586 ara.

162 3615 184 3664 4.
211 3631 233 3664 n.
253 3616 364 3666 eiusdem
386 3617 444 3682 imp.
468 3617 486 3668 l.
506 3633 527 3667 c.
551 3634 574 3684 p.
592 3617 642 3669 305
665 3635 688 3667 n.
712 3618 772 3669 138:
799 3617 868 3669 latre
893 3634 1011 3670 coronam
1037 3634 1150 3682 magnam
1177 3622 1291 3672 lauream

210 3713 282 3762 quam
307 3697 437 3748 sustinent
459 3699 523 3749 dnae
546 3699 678 3750 Victoriae
701 3699 825 3764 scriptam
848 3707 901 3750 est:
930 3699 986 3750 Ger.
1012 3715 1062 3750 sac.
1082 3701 1141 3768 Gap.
1161 3702 1221 3754 (lec.
1240 3701 1290 3752 lae.

210 3777 279 3839 llel.;
298 3777 366 3829 inlre
384 3787 424 3830 est
441 3795 506 3844 urna
524 3781 649 3842 agonalia.

164 3857 186 3907 5.
212 3875 234 3909 ι.
254 3859 366 3910 eiusdem
384 3861 442 3927 imp.
464 3863 481 3912 l.
495 3877 515 3914 c.
534 3879 558 3927 p.
571 3862 620 3912 305
640 3879 663 3912 n.
680 3863 743 3912 13οε
763 3869 883 3927 quattuor
901 3862 1020 3914 versibus
1033 3863 1157 3928 scriptum
1175 3866 1287 3916 esthoc:

211 3939 263 3989 Col.
282 3940 338 3992 Hel.
363 3942 431 3994 Cart.
457 3959 538 3994 sacru.
564 3942 646 4010 Capit.
673 3943 751 3994 Oeen.
769 3943 830 3994 lsel.
853 3943 908 3994 llel.
930 3941 999 3994 inira
1023 3951 1063 3995 est
1085 3961 1148 3997 urna
1172 3947 1289 4010 egroalis

211 4035 265 4072 eum
282 4024 366 4074 trihus
385 4025 483 4090 palmis.

162 4101 184 4154 6.
211 4120 235 4154 ιι.
249 4102 361 4156 Gallieni
375 4107 392 4155 l.
406 4123 427 4158 c.
440 4123 463 4172 p.
477 4107 526 4158 305
546 4123 571 4156 ιι.
587 4107 634 4158 142
647 4106 707 4172 lurp.
720 4108 792 4160 (lues.
809 4109 834 4157 Ρ.
847 4107 901 4158 Lic.
918 4106 1053 4160 Gallienus
1066 4106 1094 4158 P.
1108 4107 1126 4158 l.
1141 4112 1212 4175 Aug„
1232 4119 1287 4160 tres

207 4199 287 4236 arnae
305 4202 359 4238 cour
379 4189 478 4253 palaris,
496 4187 564 4240 inira
582 4203 642 4254 quas
662 4189 689 4238 in
709 4196 829 4254 quaauor
848 4189 967 4240 veraihua
980 4188 1051 4240 Cart.
1067 4203 1133 4240 eaor.
1153 4191 1288 4256 Coptica.

208 4265 254 4318 lae.
275 4267 329 4318 Hel.

163 4349 183 4400 l.
209 4365 232 4398 n.
251 4349 365 4400 eiusdem
382 4351 399 4400 l.
419 4368 440 4401 c.
460 4367 483 4416 p.
498 4351 547 4400 306
566 4369 589 4402 n.
605 4351 665 4402 143:
685 4350 795 4402 Grandis
818 4367 881 4402 urna
904 4366 959 4400 eum
978 4350 1147 4416 inscriptione
1166 4352 1218 4404 Goh
1238 4351 1285 4405 lal.

207 4431 345 4501 Auara,
364 4432 419 4484 llel.
438 4434 507 4484 Gert.
527 4448 585 4486 sac.¹
598 4431 657 4498 Cap.
677 4434 736 4504 (lec.
755 4432 802 4484 lae.
823 4435 877 4484 llel.
