3180 5236
769 380 990 444 -32-

795 577 963 633 Florentlo.

391 670 433 730 lle
448 669 589 748 Capitolio
607 669 777 730 Florentino
801 671 854 731 etsi
879 691 940 732 nou
964 671 1106 732 habemus
1130 671 1297 732 testimonia
1321 671 1452 750 lapidum

306 778 356 830 aut
378 787 476 828 rerum
501 768 677 848 scriptorum
701 778 801 829 tamen
825 789 860 830 ex
883 771 1005 830 nornine
1029 769 1164 849 Capitolii
1196 770 1348 848 usquead
1372 771 1453 829 hunc

305 869 381 929 diem
412 866 452 926 ibi
481 877 596 928 servato
625 867 676 928 tali
705 843 815 946 tempio
843 868 949 929 urbem
978 877 1111 929 ornatam
1140 869 1232 929 fuisse
1263 869 1335 930 nihil
1367 868 1454 928 obest

305 967 378 1046 quin
403 965 582 1043 colligamus.
618 970 659 1026 hc
680 966 809 1044 primum
834 968 915 1028 valde
932 968 1093 1028 dolendum
1109 967 1188 1046 quod
1212 987 1280 1028 cum
1297 967 1453 1028 annalibus

306 1063 496 1142 historiisque
512 1063 692 1124 Florentinis
715 1065 901 1126 abundemus
925 1066 1000 1126 libro
1017 1067 1226 1145 topographico
1250 1067 1346 1126 adbuc
1368 1086 1454 1126 care-

306 1183 398 1226 amus
443 1162 548 1224 Melius
576 1181 625 1222 res
656 1182 688 1223 se
719 1163 854 1236 haberet,
883 1164 907 1224 si
937 1164 989 1224 viri
1020 1164 1096 1224 docti
1127 1165 1301 1243 priusquam
1332 1163 1453 1242 grandia

305 1263 445 1324 historiae
475 1261 665 1323 Florentiuae
697 1261 843 1322 volumina
875 1251 1096 1324 conscriberent
1125 1263 1333 1324 effossionibus
1362 1281 1453 1340 opera

306 1371 411 1422 navata
436 1359 544 1420 veteris
568 1361 666 1440 oppidi
691 1359 722 1420 iu
746 1361 953 1422 condicionem
984 1363 1224 1442 topograpbicam
1254 1363 1294 1423 ita
1322 1361 1453 1442 inquisi-

305 1461 425 1533 vissent,
439 1469 471 1520 ut
487 1457 597 1520 luctum
610 1460 772 1537 gaudemus
785 1480 801 1520 3
816 1461 917 1522 Carolo
931 1461 1046 1522 Promis
1062 1463 1099 1522 de
1112 1463 1242 1540 Augusta
1254 1461 1452 1522 Taurinorum

305 1570 335 1620 et
358 1558 664 1638 AugustaPraetoria.
700 1558 784 1630 Quod
811 1560 1011 1634 3333113311,
1043 1561 1117 1621 nihil
1147 1561 1225 1620 aliud
1256 1579 1354 1620 meum
1388 1579 1454 1620 esse

305 1669 377 1738 puto
408 1659 466 1718 nisi
495 1666 670 1736 argumenta
701 1657 836 1734 colligere
866 1666 895 1718 el
923 1677 1106 1737 percensere.
1156 1661 1251 1737 Atque
1283 1659 1312 1718 in
1341 1659 1453 1718 medias

304 1777 352 1818 res
375 1767 409 1818 ut
431 1758 586 1818 confestim
609 1756 766 1836 ingrediar,
790 1756 1122 1830 subnectendum,
1147 1777 1222 1838 quae
1237 1776 1317 1818 nunc
1332 1766 1454 1818 vocatur

305 1857 336 1916 in
359 1856 571 1935 Campidoglio,
599 1864 650 1916 aut
672 1855 702 1914 iu
727 1856 792 1916 loco
815 1857 922 1917 veteris
946 1856 1079 1936 Capitolii
1110 1865 1162 1918 aut
1190 1857 1267 1916 haud
1292 1857 1394 1936 procul
1417 1855 1453 1915 ab

306 1975 341 2016 eo
365 1973 431 2016 esse
454 1975 490 2014 ex
512 1955 576 2034 ipso
605 1953 727 2014 nornine
756 1972 899 2032 apparere
921 1955 1066 2015 videatur.
1110 1956 1212 2015 Exstat
1241 1965 1338 2015 autem
1363 1973 1452 2034 supra

305 2057 412 2124 forum,
436 2053 515 2133 quod
540 2071 592 2131 per
614 2052 745 2113 medium
769 2071 872 2113 aevum
895 2053 994 2113 forum
1018 2062 1110 2120 vetus,
1141 2057 1240 2114 lorum
1262 2054 1349 2132 regis,
1373 2071 1452 2113 mer-

306 2161 404 2214 catum
427 2151 514 2230 regis,
538 2169 619 2212 nunc
641 2162 771 2213 mercato
794 2151 911 2212 vecchio
934 2151 1165 2231 appellaturffl).
1210 2152 1296 2223 Quod
1319 2151 1453 2230 Capitolii

305 2269 415 2313 nomen
439 2251 469 2310 in
494 2251 524 2310 S.
540 2249 646 2311 Mariae
669 2249 787 2311 ecclesia
811 2250 880 2311 inde
903 2251 938 2311 ab
954 2254 1071 2312 saeculo
1087 2250 1202 2312 decimo
1224 2269 1320 2330 usque
1344 2251 1453 2312 adhoc

305 2359 425 2429 tempus
453 2349 620 2410 adhaesisse
648 2349 854 2410 demonstrare
886 2369 1061 2428 possumus,
1091 2359 1161 2410 ante
1188 2351 1217 2410 id
1248 2357 1368 2429 tempus
1392 2367 1452 2408 non

305 2467 475 2530 possumus,
498 2467 584 2508 causa
609 2448 687 2508 nulla
710 2447 764 2508 alia
780 2447 896 2531 videtur
912 2467 1000 2526 quarn
1017 2449 1095 2527 quod
1119 2448 1273 2509 annalibus
1297 2449 1455 2509 etinstru-

307 2547 415 2608 mentis
439 2544 566 2626 publicis
590 2552 657 2606 ante
680 2545 751 2606 illud
775 2552 892 2624 tempus
915 2547 1087 2625 conscriptis
1112 2566 1231 2625 prorsus
1254 2565 1354 2608 carere
1371 2547 1453 2606 vide-

307 2665 384 2707 mur.
409 2646 493 2706 Certe
507 2645 669 2705 enimcum
683 2644 787 2724 quinto
801 2644 844 2704 vel
859 2653 943 2706 sexto
958 2665 987 2724 p.
1005 2646 1071 2707 Chr.
1095 2649 1211 2708 saeculo
1227 2647 1401 2726 Capitolium
1415 2647 1453 2706 ibi

306 2746 365 2807 iam
382 2742 579 2819 exstaret¹¹⁸)‚
598 2743 729 2815 ecclesia,
746 2743 862 2823 quaein
879 2744 942 2805 eius
957 2745 1160 2806 fundamentis
1176 2755 1227 2806 aut
1241 2765 1335 2826 prope
1351 2746 1452 2808 aedili-

203 2923 204 2926 *
306 2853 368 2906 cata
384 2851 439 2914 est,
463 2861 572 2904 nomen
592 2843 784 2912 deseruerit,
809 2852 841 2904 ut
857 2862 871 2902 3
888 2844 990 2922 primis
1007 2845 1202 2924 temporibus
1225 2864 1284 2924 quo
1307 2846 1414 2906 melius
1437 2865 1452 2904 3

307 2943 412 3005 ceteris
443 2942 474 3001 S.
502 2941 611 3002 Mariae
646 2941 775 3002 ecclesiis
811 2941 1057 3020 distingueretur,
1091 2943 1122 3002 in
1154 2944 1251 3022 lingua
1280 2945 1391 3023 vulgari
1420 2965 1451 3005 ea

306 3041 522 3120 significatione
545 3049 712 3102 ornaretur.

393 3140 477 3211 Quod
496 3141 626 3219 primum
646 3140 830 3201 allereudum
850 3148 896 3200 est
913 3149 1122 3218 argumentum
1145 3150 1259 3220 spectat
1278 3143 1312 3202 ad
1338 3159 1450 3204 annum

308 3239 405 3299 1067:
433 3240 634 3300 claustrum
659 3257 765 3300 casas
789 3247 825 3299 et
847 3248 989 3299 terram
1014 3241 1127 3318 posit,
1150 3241 1188 3301 in
1212 3241 1283 3304 Civ.
1300 3243 1451 3304 h'lor.ad

307 3337 498 3399 Orientem
521 3338 624 3400 iuxta
648 3338 882 3417 Capitolium,
914 3357 928 3398 3
952 3358 1023 3418 quo
1054 3341 1092 3401 ad
1121 3349 1285 3419 quartam
1308 3351 1451 3420 partem

307 3443 362 3498 est
379 3437 539 3498 ecclesia
555 3437 585 3498 S.
608 3435 811 3511 1133311111).
848 3437 998 3498 Accedunt
1013 3439 1098 3500 haec:
1115 3439 1146 3499 in
1164 3440 1284 3501 ecclesia
1301 3441 1331 3502 S.
1347 3441 1453 3502 Mariae

306 3561 518 3570 ——---.-—-—.

306 3626 398 3676 nervia
417 3625 521 3686 Chullu)
540 3625 587 3688 ita,
610 3631 639 3673 ut
657 3639 730 3672 unam
750 3623 854 3689 quodam
872 3625 945 3674 modo
964 3639 1017 3675 rem
1042 3625 1168 3691 publicam
1192 3623 1331 3678 efficerent.
1367 3626 1453 3693 ltaque

305 3715 407 3775 praeter
431 3707 597 3772 magistratus
621 3705 659 3755 ibi
685 3705 850 3755 inveniuntur
872 3709 962 3757 1133333
980 3715 1117 3772 perpetuus
1135 3707 1178 3757 llll
1197 3709 1354 3759 coloniarum
1377 3709 1405 3770 (l.
1426 3709 1452 3758 L.

305 3789 361 3841 Vlll
375 3789 449 3840 1663.
465 3789 541 3841 1112.
556 3788 630 3840 7124.
644 3787 719 3838 1125.
733 3787 897 3852 1116431133),
910 3787 1090 3840 633131331111
1103 3791 1260 3840 coloniarum
1274 3791 1318 3852 (ih.
1329 3807 1353 3840 3.
1368 3791 1453 3853 1680).

305 3869 370 3922 Tres
387 3879 472 3921 autem
492 3871 554 3922 illae
572 3869 690 3919 coloniae
709 3885 763 3919 cum
774 3869 887 3920 cirtensi
905 3871 1059 3920 coniunctae
1072 3869 1198 3934 videntur,
1217 3873 1280 3938 quod
1294 3887 1308 3922 a
1322 3873 1453 3938 3331333-

307 3954 407 4004 dlcione
425 3953 490 4004 houd
510 3966 661 4018 magnopere
680 3953 847 4014 recedebunt3
866 3950 899 4002 31.
919 3952 1071 4003 Wihuaous.
1091 3953 1170 4019 praef.
1189 3954 1230 4004 tit.
1249 3955 1312 4004 Cirt.
1330 3972 1353 4020 p.
1374 3955 1432 4005 618.

375 4037 419 4100 ¹¹⁷)
438 4037 479 4086 vd.
491 4034 632 4097 Ughellium
643 4033 699 4083 Ital.
710 4050 760 4084 sac.
773 4033 909 4100 13331113.
922 4034 967 4098 483
987 4034 1100 4084 Lamium
1109 4035 1176 4085 Mon.
1190 4036 1242 4086 vol.
1255 4035 1277 4085 11
1287 4053 1309 4101 p.
1324 4037 1380 4086 865.
1395 4036 1452 4088 968.

375 4119 418 4182 118)
439 4119 480 4167 vd.
501 4131 545 4166 nos
565 4131 620 4180 pag.
636 4115 666 4165 12
686 4117 741 4166 adu.
758 4115 796 4166 16.
835 4115 925 4166 Romae
943 4131 1042 4181 quoque
1065 4132 1176 4182 ‚aureum
1194 4115 1368 4182 Capitolium'‚
1388 4118 1453 4183 quod

307 4208 397 4268 quarto
416 4199 519 4250 saeculo
539 4199 625 4248 eodem
643 4205 719 4264 utque
737 4206 811 4248 antea
835 4197 970 4262 splendore
989 4195 1117 4262 fulgebat,
1143 4207 1217 4250 sexto
1242 4200 1344 4250 saeculo
1369 4215 1454 4266 quam·

307 4299 379 4350 quam
397 4299 412 4332 3
431 4281 613 4332 Germanorum
633 4281 739 4330 ducibus
758 4280 860 4344 saepius
884 4278 1010 4344 direptum
1033 4289 1113 4332 totum
1138 4282 1187 4331 iam
1207 4281 1338 4345 exstabat3
1366 4281 1398 4333 cl.
1423 4281 1452 4333 H.

305 4366 408 4416 Jordan.
428 4363 538 4429 Topogr.
559 4362 628 4414 Rom.
647 4361 691 4413 12
710 4379 734 4428 3.
748 4360 835 4430 total.

375 4444 646 4512 ιι“)11133133Ν331313
665 4445 779 4494 storicbe
800 4443 869 4494 della
887 4443 972 4495 chiese
991 4445 1141 4496 Florentino
1160 4445 1238 4512 (Flos.
1260 4447 1337 4511 1154)
1356 4448 1408 4502 vol.
1421 4447 1454 4500 tv
