<?xml version="1.0" encoding="UTF-8"?>
<!DOCTYPE html PUBLIC "-//W3C//DTD XHTML 1.0 Transitional//EN"
    "http://www.w3.org/TR/xhtml1/DTD/xhtml1-transitional.dtd">
<html xmlns="http://www.w3.org/1999/xhtml" xml:lang="en" lang="en">
 <head>
  <title>
</title>
<meta http-equiv="Content-Type" content="text/html;charset=utf-8" />
  <meta name='ocr-system' content='tesseract 3.04.00' />
  <meta name='ocr-capabilities' content='ocr_page ocr_carea ocr_par ocr_line ocrx_word'/>
</head>
<body>
  <div class='ocr_page' id='page_1' title='image "./decapitoliisimp00kuhfgoog_0075.png"; bbox 0 0 3180 5236; ppageno 0'>
   <div class='ocr_carea' id='block_1_1' title="bbox 754 361 975 424">
    <p class='ocr_par' dir='ltr' id='par_1_1' title="bbox 754 361 975 424">
     <span class='ocr_line' id='line_1_1' title="bbox 754 361 975 424; baseline 0.005 -18"><span class='ocrx_word' id='word_1_1' title='bbox 754 361 975 424; x_wconf 72' lang='lat'><strong>..70-</strong></span> 
     </span>
    </p>
   </div>
   <div class='ocr_carea' id='block_1_2' title="bbox 292 536 1450 2590">
    <p class='ocr_par' dir='ltr' id='par_1_2' title="bbox 292 536 1445 1208">
     <span class='ocr_line' id='line_1_2' title="bbox 292 536 1443 620; baseline -0.003 -18"><span class='ocrx_word' id='word_1_2' title='bbox 292 542 412 602; x_wconf 89' lang='lat' dir='ltr'><strong>Praeter</strong></span> <span class='ocrx_word' id='word_1_3' title='bbox 434 540 498 620; x_wconf 89' lang='lat' dir='ltr'><strong>ipsa</strong></span> <span class='ocrx_word' id='word_1_4' title='bbox 521 546 684 619; x_wconf 76' lang='lat' dir='ltr'><strong>martyrum</strong></span> <span class='ocrx_word' id='word_1_5' title='bbox 707 539 828 600; x_wconf 90' lang='lat' dir='ltr'><strong>nomina</strong></span> <span class='ocrx_word' id='word_1_6' title='bbox 851 557 886 600; x_wconf 89' lang='lat' dir='ltr'><strong>ex</strong></span> <span class='ocrx_word' id='word_1_7' title='bbox 905 537 1005 618; x_wconf 82' lang='lat' dir='ltr'><strong>paucis</strong></span> <span class='ocrx_word' id='word_1_8' title='bbox 1020 538 1225 600; x_wconf 78' lang='lat' dir='ltr'><strong>monumentis</strong></span> <span class='ocrx_word' id='word_1_9' title='bbox 1240 536 1335 616; x_wconf 89' lang='lat' dir='ltr'><strong>iisque</strong></span> <span class='ocrx_word' id='word_1_10' title='bbox 1351 555 1443 616; x_wconf 81' lang='lat' dir='ltr'>saepe</span> 
     </span>
     <span class='ocr_line' id='line_1_3' title="bbox 292 637 1443 717; baseline -0.004 -16"><span class='ocrx_word' id='word_1_11' title='bbox 292 640 390 702; x_wconf 93' lang='lat' dir='ltr'><strong>dubiis</strong></span> <span class='ocrx_word' id='word_1_12' title='bbox 421 657 488 701; x_wconf 88' lang='lat' dir='ltr'><strong>curn</strong></span> <span class='ocrx_word' id='word_1_13' title='bbox 517 639 591 700; x_wconf 88' lang='lat' dir='ltr'>nihil</span> <span class='ocrx_word' id='word_1_14' title='bbox 619 640 680 700; x_wconf 92' lang='grc'>1313</span> <span class='ocrx_word' id='word_1_15' title='bbox 707 639 743 698; x_wconf 87' lang='grc'><strong>31</strong></span> <span class='ocrx_word' id='word_1_16' title='bbox 770 639 897 699; x_wconf 84' lang='lat' dir='ltr'><strong>vitarum</strong></span> <span class='ocrx_word' id='word_1_17' title='bbox 921 637 1079 716; x_wconf 81' lang='lat' dir='ltr'><strong>scriptores</strong></span> <span class='ocrx_word' id='word_1_18' title='bbox 1102 638 1282 717; x_wconf 88' lang='lat' dir='ltr'><strong>perveniret,</strong></span> <span class='ocrx_word' id='word_1_19' title='bbox 1311 637 1443 697; x_wconf 91' lang='lat' dir='ltr'><strong>maxime</strong></span> 
     </span>
     <span class='ocr_line' id='line_1_4' title="bbox 292 735 1441 818; baseline -0.005 -18"><span class='ocrx_word' id='word_1_20' title='bbox 292 740 321 800; x_wconf 92' lang='lat' dir='ltr'><strong>id</strong></span> <span class='ocrx_word' id='word_1_21' title='bbox 350 738 492 818; x_wconf 81' lang='lat' dir='ltr'>agebant,</span> <span class='ocrx_word' id='word_1_22' title='bbox 520 745 554 798; x_wconf 93' lang='lat' dir='ltr'><strong>ut</strong></span> <span class='ocrx_word' id='word_1_23' title='bbox 581 737 616 798; x_wconf 92' lang='lat' dir='ltr'><strong>ad</strong></span> <span class='ocrx_word' id='word_1_24' title='bbox 647 737 756 798; x_wconf 82' lang='lat' dir='ltr'><strong>famam</strong></span> <span class='ocrx_word' id='word_1_25' title='bbox 785 737 953 816; x_wconf 84' lang='lat' dir='ltr'><strong>vulgarem,</strong></span> <span class='ocrx_word' id='word_1_26' title='bbox 983 755 1041 814; x_wconf 96' lang='lat' dir='ltr'><strong>quo</strong></span> <span class='ocrx_word' id='word_1_27' title='bbox 1066 736 1156 814; x_wconf 82' lang='lat' dir='ltr'><strong>magis</strong></span> <span class='ocrx_word' id='word_1_28' title='bbox 1180 735 1365 796; x_wconf 80' lang='lat' dir='ltr'><strong>narrationes</strong></span> <span class='ocrx_word' id='word_1_29' title='bbox 1388 754 1441 794; x_wconf 93' lang='lat' dir='ltr'><strong>or-</strong></span> 
     </span>
     <span class='ocr_line' id='line_1_5' title="bbox 293 833 1444 914; baseline -0.003 -16"><span class='ocrx_word' id='word_1_30' title='bbox 293 845 409 908; x_wconf 87' lang='lat' dir='ltr'><strong>narent,</strong></span> <span class='ocrx_word' id='word_1_31' title='bbox 432 836 637 914; x_wconf 80' lang='lat' dir='ltr'><strong>confugerent.</strong></span> <span class='ocrx_word' id='word_1_32' title='bbox 683 835 746 908; x_wconf 81' lang='lat' dir='ltr'><strong>Qua</strong></span> <span class='ocrx_word' id='word_1_33' title='bbox 763 835 799 895; x_wconf 93' lang='lat' dir='ltr'><strong>de</strong></span> <span class='ocrx_word' id='word_1_34' title='bbox 815 851 901 896; x_wconf 84' lang='lat' dir='ltr'><strong>causa</strong></span> <span class='ocrx_word' id='word_1_35' title='bbox 917 853 992 913; x_wconf 91' lang='lat' dir='ltr'><strong>quae</strong></span> <span class='ocrx_word' id='word_1_36' title='bbox 1014 844 1139 896; x_wconf 86' lang='lat' dir='ltr'><strong>narrant</strong></span> <span class='ocrx_word' id='word_1_37' title='bbox 1159 833 1268 913; x_wconf 90' lang='lat' dir='ltr'><strong>partim</strong></span> <span class='ocrx_word' id='word_1_38' title='bbox 1291 835 1370 894; x_wconf 91' lang='lat' dir='ltr'><strong>nuda</strong></span> <span class='ocrx_word' id='word_1_39' title='bbox 1386 834 1444 912; x_wconf 86' lang='lat' dir='ltr'><strong>fig-</strong></span> 
     </span>
     <span class='ocr_line' id='line_1_6' title="bbox 293 932 1445 1014; baseline -0.002 -18"><span class='ocrx_word' id='word_1_40' title='bbox 293 943 395 996; x_wconf 91' lang='lat' dir='ltr'><strong>menta</strong></span> <span class='ocrx_word' id='word_1_41' title='bbox 423 934 532 1014; x_wconf 87' lang='lat' dir='ltr'><strong>partim</strong></span> <span class='ocrx_word' id='word_1_42' title='bbox 559 953 594 994; x_wconf 90' lang='lat' dir='ltr'><strong>ex</strong></span> <span class='ocrx_word' id='word_1_43' title='bbox 623 933 700 994; x_wconf 86' lang='lat' dir='ltr'><strong>lama</strong></span> <span class='ocrx_word' id='word_1_44' title='bbox 720 933 834 994; x_wconf 90' lang='lat' dir='ltr'><strong>incerta</strong></span> <span class='ocrx_word' id='word_1_45' title='bbox 863 933 969 994; x_wconf 86' lang='lat' dir='ltr'><strong>bansta</strong></span> <span class='ocrx_word' id='word_1_46' title='bbox 999 932 1139 1009; x_wconf 66' lang='grc'>31111161).</span> <span class='ocrx_word' id='word_1_47' title='bbox 1187 933 1326 993; x_wconf 87' lang='lat' dir='ltr'><strong>Fortasse</strong></span> <span class='ocrx_word' id='word_1_48' title='bbox 1351 932 1445 1011; x_wconf 85' lang='lat' dir='ltr'><strong>igitur</strong></span> 
     </span>
     <span class='ocr_line' id='line_1_7' title="bbox 296 1030 1443 1112; baseline -0.002 -18"><span class='ocrx_word' id='word_1_49' title='bbox 296 1053 329 1094; x_wconf 92' lang='lat' dir='ltr'><strong>ea</strong></span> <span class='ocrx_word' id='word_1_50' title='bbox 353 1051 428 1111; x_wconf 88' lang='lat' dir='ltr'><strong>quae</strong></span> <span class='ocrx_word' id='word_1_51' title='bbox 450 1040 513 1093; x_wconf 90' lang='lat' dir='ltr'><strong>acta</strong></span> <span class='ocrx_word' id='word_1_52' title='bbox 537 1032 573 1092; x_wconf 93' lang='lat' dir='ltr'><strong>de</strong></span> <span class='ocrx_word' id='word_1_53' title='bbox 590 1031 731 1111; x_wconf 88' lang='lat' dir='ltr'><strong>Capitolio</strong></span> <span class='ocrx_word' id='word_1_54' title='bbox 749 1030 918 1094; x_wconf 87' lang='lat' dir='ltr'><strong>Trevirensi</strong></span> <span class='ocrx_word' id='word_1_55' title='bbox 934 1031 1075 1092; x_wconf 89' lang='lat' dir='ltr'><strong>exhibent</strong></span> <span class='ocrx_word' id='word_1_56' title='bbox 1091 1050 1125 1092; x_wconf 89' lang='lat' dir='ltr'><strong>ex</strong></span> <span class='ocrx_word' id='word_1_57' title='bbox 1142 1033 1219 1092; x_wconf 88' lang='lat' dir='ltr'><strong>lama</strong></span> <span class='ocrx_word' id='word_1_58' title='bbox 1234 1031 1336 1112; x_wconf 92' lang='lat' dir='ltr'><strong>populi</strong></span> <span class='ocrx_word' id='word_1_59' title='bbox 1351 1032 1443 1094; x_wconf 88' lang='lat' dir='ltr'><strong>etiam</strong></span> 
     </span>
     <span class='ocr_line' id='line_1_8' title="bbox 293 1129 809 1208; baseline -0.008 -15"><span class='ocrx_word' id='word_1_60' title='bbox 293 1139 366 1193; x_wconf 92' lang='lat' dir='ltr'><strong>tunc</strong></span> <span class='ocrx_word' id='word_1_61' title='bbox 389 1129 497 1208; x_wconf 86' lang='lat' dir='ltr'><strong>vigenti</strong></span> <span class='ocrx_word' id='word_1_62' title='bbox 519 1129 645 1208; x_wconf 86' lang='lat' dir='ltr'><strong>scriptor</strong></span> <span class='ocrx_word' id='word_1_63' title='bbox 667 1129 809 1191; x_wconf 86' lang='lat' dir='ltr'><strong>exhausit.</strong></span> 
     </span>
    </p>

    <p class='ocr_par' dir='ltr' id='par_1_3' title="bbox 294 1227 1450 2590">
     <span class='ocr_line' id='line_1_9' title="bbox 381 1227 1445 1310; baseline 0.001 -20"><span class='ocrx_word' id='word_1_64' title='bbox 381 1229 467 1290; x_wconf 89' lang='lat' dir='ltr'><strong>Nunc</strong></span> <span class='ocrx_word' id='word_1_65' title='bbox 488 1227 649 1289; x_wconf 92' lang='lat' dir='ltr'><strong>transimus</strong></span> <span class='ocrx_word' id='word_1_66' title='bbox 671 1229 707 1288; x_wconf 93' lang='lat' dir='ltr'><strong>ad</strong></span> <span class='ocrx_word' id='word_1_67' title='bbox 731 1229 839 1289; x_wconf 88' lang='lat' dir='ltr'><strong>Gesta</strong></span> <span class='ocrx_word' id='word_1_68' title='bbox 865 1229 1118 1301; x_wconf 85' lang='lat' dir='ltr'><strong>Trevirorum,</strong></span> <span class='ocrx_word' id='word_1_69' title='bbox 1147 1243 1223 1307; x_wconf 92' lang='lat' dir='ltr'><strong>quae</strong></span> <span class='ocrx_word' id='word_1_70' title='bbox 1245 1229 1297 1307; x_wconf 92' lang='lat' dir='ltr'><strong>qui</strong></span> <span class='ocrx_word' id='word_1_71' title='bbox 1320 1248 1445 1310; x_wconf 88' lang='lat' dir='ltr'><strong>compo-</strong></span> 
     </span>
     <span class='ocr_line' id='line_1_10' title="bbox 294 1325 1444 1407; baseline -0.001 -17"><span class='ocrx_word' id='word_1_72' title='bbox 294 1327 389 1390; x_wconf 84' lang='lat' dir='ltr'><strong>suerit</strong></span> <span class='ocrx_word' id='word_1_73' title='bbox 416 1326 473 1387; x_wconf 92' lang='lat' dir='ltr'><strong>dici</strong></span> <span class='ocrx_word' id='word_1_74' title='bbox 506 1344 567 1386; x_wconf 93' lang='lat' dir='ltr'><strong>non</strong></span> <span class='ocrx_word' id='word_1_75' title='bbox 595 1333 702 1405; x_wconf 83' lang='lat' dir='ltr'><strong>potest.</strong></span> <span class='ocrx_word' id='word_1_76' title='bbox 748 1327 805 1399; x_wconf 83' lang='lat' dir='ltr'><strong>Qui</strong></span> <span class='ocrx_word' id='word_1_77' title='bbox 833 1327 948 1407; x_wconf 87' lang='lat' dir='ltr'><strong>primus</strong></span> <span class='ocrx_word' id='word_1_78' title='bbox 972 1336 1035 1387; x_wconf 89' lang='lat' dir='ltr'><strong>arte</strong></span> <span class='ocrx_word' id='word_1_79' title='bbox 1057 1327 1156 1388; x_wconf 91' lang='lat' dir='ltr'><strong>critica</strong></span> <span class='ocrx_word' id='word_1_80' title='bbox 1180 1325 1310 1388; x_wconf 87' lang='lat' dir='ltr'><strong>adbibita</strong></span> <span class='ocrx_word' id='word_1_81' title='bbox 1336 1347 1369 1388; x_wconf 90' lang='lat' dir='ltr'><strong>ea</strong></span> <span class='ocrx_word' id='word_1_82' title='bbox 1393 1349 1444 1389; x_wconf 90' lang='grc'><strong>13-</strong></span> 
     </span>
     <span class='ocr_line' id='line_1_11' title="bbox 296 1423 1444 1506; baseline -0.001 -18"><span class='ocrx_word' id='word_1_83' title='bbox 296 1425 413 1492; x_wconf 89' lang='lat' dir='ltr'><strong>censuit</strong></span> <span class='ocrx_word' id='word_1_84' title='bbox 428 1423 646 1503; x_wconf 76' lang='lat' dir='ltr'><strong>Waitzius²⁸⁶),</strong></span> <span class='ocrx_word' id='word_1_85' title='bbox 675 1444 731 1505; x_wconf 92' lang='lat' dir='ltr'><strong>qua</strong></span> <span class='ocrx_word' id='word_1_86' title='bbox 748 1427 878 1487; x_wconf 88' lang='lat' dir='ltr'><strong>editione</strong></span> <span class='ocrx_word' id='word_1_87' title='bbox 893 1445 926 1486; x_wconf 92' lang='lat' dir='ltr'><strong>ea</strong></span> <span class='ocrx_word' id='word_1_88' title='bbox 943 1444 1032 1506; x_wconf 88' lang='lat' dir='ltr'><strong>quam</strong></span> <span class='ocrx_word' id='word_1_89' title='bbox 1048 1427 1185 1488; x_wconf 87' lang='grc'>13331111</span> <span class='ocrx_word' id='word_1_90' title='bbox 1201 1424 1444 1504; x_wconf 84' lang='lat' dir='ltr'><strong>Wyttenbachius</strong></span> 
     </span>
     <span class='ocr_line' id='line_1_12' title="bbox 298 1524 1445 1605; baseline 0 -19"><span class='ocrx_word' id='word_1_91' title='bbox 298 1535 327 1587; x_wconf 90' lang='lat' dir='ltr'><strong>et</strong></span> <span class='ocrx_word' id='word_1_92' title='bbox 350 1525 506 1585; x_wconf 86' lang='lat' dir='ltr'><strong>Muellerus</strong></span> <span class='ocrx_word' id='word_1_93' title='bbox 523 1524 683 1585; x_wconf 90' lang='lat' dir='ltr'><strong>Gestorum</strong></span> <span class='ocrx_word' id='word_1_94' title='bbox 706 1526 838 1586; x_wconf 87' lang='lat' dir='ltr'><strong>recensio</strong></span> <span class='ocrx_word' id='word_1_95' title='bbox 863 1526 1012 1605; x_wconf 90' lang='lat' dir='ltr'><strong>antiquata</strong></span> <span class='ocrx_word' id='word_1_96' title='bbox 1036 1534 1090 1593; x_wconf 90' lang='lat' dir='ltr'><strong>est,</strong></span> <span class='ocrx_word' id='word_1_97' title='bbox 1116 1542 1178 1585; x_wconf 92' lang='lat' dir='ltr'><strong>non</strong></span> <span class='ocrx_word' id='word_1_98' title='bbox 1201 1533 1269 1586; x_wconf 90' lang='grc'>3113</span> <span class='ocrx_word' id='word_1_99' title='bbox 1292 1525 1445 1586; x_wconf 84' lang='grc'>3333111111</span> 
     </span>
     <span class='ocr_line' id='line_1_13' title="bbox 296 1622 1445 1704; baseline 0.001 -20"><span class='ocrx_word' id='word_1_100' title='bbox 296 1624 350 1684; x_wconf 90' lang='lat' dir='ltr'><strong>Xll</strong></span> <span class='ocrx_word' id='word_1_101' title='bbox 373 1625 461 1684; x_wconf 88' lang='lat' dir='ltr'><strong>Gesta</strong></span> <span class='ocrx_word' id='word_1_102' title='bbox 485 1623 648 1702; x_wconf 90' lang='lat' dir='ltr'><strong>composita</strong></span> <span class='ocrx_word' id='word_1_103' title='bbox 671 1642 737 1683; x_wconf 91' lang='lat' dir='ltr'><strong>esse</strong></span> <span class='ocrx_word' id='word_1_104' title='bbox 760 1632 840 1684; x_wconf 89' lang='lat' dir='ltr'><strong>certa</strong></span> <span class='ocrx_word' id='word_1_105' title='bbox 861 1623 979 1684; x_wconf 90' lang='lat' dir='ltr'><strong>ratione</strong></span> <span class='ocrx_word' id='word_1_106' title='bbox 1001 1623 1145 1702; x_wconf 88' lang='lat' dir='ltr'><strong>probavit.</strong></span> <span class='ocrx_word' id='word_1_107' title='bbox 1189 1622 1324 1694; x_wconf 78' lang='lat' dir='ltr'><strong>Quorum</strong></span> <span class='ocrx_word' id='word_1_108' title='bbox 1347 1625 1445 1704; x_wconf 91' lang='lat' dir='ltr'><strong>scrip-</strong></span> 
     </span>
     <span class='ocr_line' id='line_1_14' title="bbox 296 1720 1447 1802; baseline 0.001 -19"><span class='ocrx_word' id='word_1_109' title='bbox 296 1729 353 1794; x_wconf 90' lang='grc'>131,</span> <span class='ocrx_word' id='word_1_110' title='bbox 387 1720 523 1802; x_wconf 91' lang='lat' dir='ltr'><strong>quisquis</strong></span> <span class='ocrx_word' id='word_1_111' title='bbox 555 1720 621 1792; x_wconf 88' lang='lat' dir='ltr'><strong>luit,</strong></span> <span class='ocrx_word' id='word_1_112' title='bbox 655 1720 686 1780; x_wconf 92' lang='lat' dir='ltr'><strong>in</strong></span> <span class='ocrx_word' id='word_1_113' title='bbox 716 1721 905 1782; x_wconf 84' lang='lat' dir='ltr'><strong>Trevirorum</strong></span> <span class='ocrx_word' id='word_1_114' title='bbox 939 1721 1029 1782; x_wconf 88' lang='lat' dir='ltr'><strong>rebus</strong></span> <span class='ocrx_word' id='word_1_115' title='bbox 1063 1721 1133 1781; x_wconf 93' lang='lat' dir='ltr'><strong>inde</strong></span> <span class='ocrx_word' id='word_1_116' title='bbox 1167 1721 1203 1780; x_wconf 93' lang='lat' dir='ltr'><strong>ab</strong></span> <span class='ocrx_word' id='word_1_117' title='bbox 1232 1720 1318 1782; x_wconf 89' lang='lat' dir='ltr'><strong>initio</strong></span> <span class='ocrx_word' id='word_1_118' title='bbox 1350 1741 1447 1802; x_wconf 89' lang='lat' dir='ltr'><strong>usque</strong></span> 
     </span>
     <span class='ocr_line' id='line_1_15' title="bbox 297 1819 1446 1893; baseline 0 -11"><span class='ocrx_word' id='word_1_119' title='bbox 297 1823 334 1882; x_wconf 96' lang='lat' dir='ltr'><strong>ad</strong></span> <span class='ocrx_word' id='word_1_120' title='bbox 365 1839 476 1883; x_wconf 92' lang='lat' dir='ltr'><strong>annum</strong></span> <span class='ocrx_word' id='word_1_121' title='bbox 501 1820 580 1880; x_wconf 89' lang='grc'>1101</span> <span class='ocrx_word' id='word_1_122' title='bbox 611 1819 813 1882; x_wconf 88' lang='lat' dir='ltr'><strong>describendis</strong></span> <span class='ocrx_word' id='word_1_123' title='bbox 836 1827 969 1881; x_wconf 90' lang='lat' dir='ltr'><strong>versatus</strong></span> <span class='ocrx_word' id='word_1_124' title='bbox 997 1829 1043 1880; x_wconf 88' lang='lat' dir='ltr'><strong>est</strong></span> <span class='ocrx_word' id='word_1_125' title='bbox 1068 1820 1124 1893; x_wconf 86' lang='grc'>113,</span> <span class='ocrx_word' id='word_1_126' title='bbox 1157 1826 1189 1880; x_wconf 90' lang='lat' dir='ltr'><strong>ut</strong></span> <span class='ocrx_word' id='word_1_127' title='bbox 1211 1820 1395 1882; x_wconf 88' lang='lat' dir='ltr'><strong>narrationes</strong></span> <span class='ocrx_word' id='word_1_128' title='bbox 1420 1823 1446 1882; x_wconf 91' lang='lat' dir='ltr'><strong>si</strong></span> 
     </span>
     <span class='ocr_line' id='line_1_16' title="bbox 297 1919 1446 1998; baseline 0.001 -17"><span class='ocrx_word' id='word_1_129' title='bbox 297 1939 360 1981; x_wconf 93' lang='lat' dir='ltr'><strong>non</strong></span> <span class='ocrx_word' id='word_1_130' title='bbox 389 1920 491 1981; x_wconf 91' lang='lat' dir='ltr'><strong>leviter</strong></span> <span class='ocrx_word' id='word_1_131' title='bbox 520 1919 670 1980; x_wconf 87' lang='lat' dir='ltr'><strong>inveniret</strong></span> <span class='ocrx_word' id='word_1_132' title='bbox 699 1927 727 1980; x_wconf 88' lang='lat' dir='ltr'><strong>at</strong></span> <span class='ocrx_word' id='word_1_133' title='bbox 755 1939 790 1980; x_wconf 89' lang='lat' dir='ltr'><strong>ex</strong></span> <span class='ocrx_word' id='word_1_134' title='bbox 818 1919 897 1981; x_wconf 83' lang='lat' dir='ltr'><strong>fama</strong></span> <span class='ocrx_word' id='word_1_135' title='bbox 925 1919 1040 1998; x_wconf 86' lang='lat' dir='ltr'><strong>populi,</strong></span> <span class='ocrx_word' id='word_1_136' title='bbox 1071 1937 1107 1978; x_wconf 90' lang='lat' dir='ltr'><strong>ex</strong></span> <span class='ocrx_word' id='word_1_137' title='bbox 1132 1919 1377 1998; x_wconf 88' lang='lat' dir='ltr'><strong>inscriptionibus</strong></span> <span class='ocrx_word' id='word_1_138' title='bbox 1399 1924 1446 1982; x_wconf 85' lang='lat' dir='ltr'><strong>vel</strong></span> 
     </span>
     <span class='ocr_line' id='line_1_17' title="bbox 297 2016 1446 2097; baseline 0.002 -18"><span class='ocrx_word' id='word_1_139' title='bbox 297 2027 365 2080; x_wconf 89' lang='lat' dir='ltr'><strong>tum.</strong></span> <span class='ocrx_word' id='word_1_140' title='bbox 392 2017 518 2097; x_wconf 85' lang='lat' dir='ltr'><strong>repertis</strong></span> <span class='ocrx_word' id='word_1_141' title='bbox 548 2017 594 2077; x_wconf 88' lang='lat' dir='ltr'><strong>vol</strong></span> <span class='ocrx_word' id='word_1_142' title='bbox 617 2016 709 2090; x_wconf 90' lang='lat' dir='ltr'><strong>lictis,</strong></span> <span class='ocrx_word' id='word_1_143' title='bbox 744 2036 778 2078; x_wconf 92' lang='lat' dir='ltr'><strong>ex</strong></span> <span class='ocrx_word' id='word_1_144' title='bbox 811 2024 981 2079; x_wconf 89' lang='lat' dir='ltr'><strong>sanctorum</strong></span> <span class='ocrx_word' id='word_1_145' title='bbox 1009 2017 1140 2078; x_wconf 90' lang='lat' dir='ltr'><strong>historiis</strong></span> <span class='ocrx_word' id='word_1_146' title='bbox 1167 2018 1364 2096; x_wconf 87' lang='lat' dir='ltr'><strong>depromeret.</strong></span> <span class='ocrx_word' id='word_1_147' title='bbox 1409 2021 1446 2080; x_wconf 89' lang='lat' dir='ltr'><strong>Et</strong></span> 
     </span>
     <span class='ocr_line' id='line_1_18' title="bbox 298 2115 1446 2198; baseline 0.003 -21"><span class='ocrx_word' id='word_1_148' title='bbox 298 2117 427 2178; x_wconf 91' lang='lat' dir='ltr'><strong>maxime</strong></span> <span class='ocrx_word' id='word_1_149' title='bbox 458 2116 593 2196; x_wconf 87' lang='lat' dir='ltr'><strong>quidem,</strong></span> <span class='ocrx_word' id='word_1_150' title='bbox 623 2123 656 2176; x_wconf 92' lang='lat' dir='ltr'><strong>ut</strong></span> <span class='ocrx_word' id='word_1_151' title='bbox 682 2115 788 2177; x_wconf 89' lang='lat' dir='ltr'><strong>urbem</strong></span> <span class='ocrx_word' id='word_1_152' title='bbox 817 2135 906 2196; x_wconf 92' lang='lat' dir='ltr'><strong>quam</strong></span> <span class='ocrx_word' id='word_1_153' title='bbox 929 2115 1150 2177; x_wconf 89' lang='lat' dir='ltr'><strong>celeberrimam</strong></span> <span class='ocrx_word' id='word_1_154' title='bbox 1174 2117 1326 2192; x_wconf 87' lang='lat' dir='ltr'><strong>redderet,</strong></span> <span class='ocrx_word' id='word_1_155' title='bbox 1356 2137 1446 2198; x_wconf 89' lang='lat' dir='ltr'><strong>quae-</strong></span> 
     </span>
     <span class='ocr_line' id='line_1_19' title="bbox 299 2215 1447 2296; baseline 0.001 -18"><span class='ocrx_word' id='word_1_156' title='bbox 299 2235 419 2296; x_wconf 90' lang='lat' dir='ltr'><strong>cunque</strong></span> <span class='ocrx_word' id='word_1_157' title='bbox 441 2223 506 2278; x_wconf 90' lang='lat' dir='ltr'><strong>turn</strong></span> <span class='ocrx_word' id='word_1_158' title='bbox 530 2216 566 2276; x_wconf 90' lang='lat' dir='ltr'><strong>de</strong></span> <span class='ocrx_word' id='word_1_159' title='bbox 590 2216 795 2278; x_wconf 89' lang='lat' dir='ltr'><strong>monumentis</strong></span> <span class='ocrx_word' id='word_1_160' title='bbox 811 2216 940 2295; x_wconf 89' lang='lat' dir='ltr'><strong>antiquis</strong></span> <span class='ocrx_word' id='word_1_161' title='bbox 956 2215 993 2294; x_wconf 92' lang='grc'><strong>(3.</strong></span> <span class='ocrx_word' id='word_1_162' title='bbox 1010 2235 1037 2294; x_wconf 85' lang='lat' dir='ltr'><strong>g.</strong></span> <span class='ocrx_word' id='word_1_163' title='bbox 1054 2216 1090 2276; x_wconf 90' lang='lat' dir='ltr'><strong>de</strong></span> <span class='ocrx_word' id='word_1_164' title='bbox 1106 2216 1199 2294; x_wconf 88' lang='lat' dir='ltr'><strong>portis</strong></span> <span class='ocrx_word' id='word_1_165' title='bbox 1215 2218 1447 2294; x_wconf 87' lang='lat' dir='ltr'><strong>aquaeductibus</strong></span> 
     </span>
     <span class='ocr_line' id='line_1_20' title="bbox 298 2313 1448 2396; baseline 0 -20"><span class='ocrx_word' id='word_1_166' title='bbox 298 2315 515 2395; x_wconf 83' lang='lat' dir='ltr'><strong>amphitheatro</strong></span> <span class='ocrx_word' id='word_1_167' title='bbox 544 2313 698 2393; x_wconf 78' lang='lat' dir='ltr'><strong>Capitolio)</strong></span> <span class='ocrx_word' id='word_1_168' title='bbox 727 2315 829 2394; x_wconf 93' lang='lat' dir='ltr'><strong>populi</strong></span> <span class='ocrx_word' id='word_1_169' title='bbox 858 2315 890 2375; x_wconf 89' lang='lat' dir='ltr'><strong>in</strong></span> <span class='ocrx_word' id='word_1_170' title='bbox 920 2332 971 2374; x_wconf 92' lang='grc'><strong>313</strong></span> <span class='ocrx_word' id='word_1_171' title='bbox 993 2314 1101 2374; x_wconf 90' lang='lat' dir='ltr'><strong>tradita</strong></span> <span class='ocrx_word' id='word_1_172' title='bbox 1123 2313 1309 2387; x_wconf 89' lang='grc'>1313131111,</span> <span class='ocrx_word' id='word_1_173' title='bbox 1341 2315 1448 2396; x_wconf 92' lang='lat' dir='ltr'><strong>cupide</strong></span> 
     </span>
     <span class='ocr_line' id='line_1_21' title="bbox 298 2413 1450 2494; baseline -0.002 -17"><span class='ocrx_word' id='word_1_174' title='bbox 298 2413 432 2494; x_wconf 89' lang='lat' dir='ltr'><strong>arripuit.</strong></span> <span class='ocrx_word' id='word_1_175' title='bbox 478 2413 580 2492; x_wconf 85' lang='lat' dir='ltr'><strong>Neque</strong></span> <span class='ocrx_word' id='word_1_176' title='bbox 603 2413 693 2491; x_wconf 79' lang='lat' dir='ltr'><strong>igitur</strong></span> <span class='ocrx_word' id='word_1_177' title='bbox 715 2415 812 2475; x_wconf 91' lang='lat' dir='ltr'><strong>solum</strong></span> <span class='ocrx_word' id='word_1_178' title='bbox 835 2433 870 2474; x_wconf 90' lang='lat' dir='ltr'><strong>cx</strong></span> <span class='ocrx_word' id='word_1_179' title='bbox 891 2414 1013 2475; x_wconf 84' lang='lat' dir='ltr'><strong>Caesare</strong></span> <span class='ocrx_word' id='word_1_180' title='bbox 1035 2413 1149 2473; x_wconf 88' lang='lat' dir='ltr'><strong>Iustino</strong></span> <span class='ocrx_word' id='word_1_181' title='bbox 1173 2413 1315 2492; x_wconf 87' lang='lat' dir='ltr'><strong>Eutropio</strong></span> <span class='ocrx_word' id='word_1_182' title='bbox 1339 2424 1391 2475; x_wconf 87' lang='lat' dir='ltr'><strong>aut</strong></span> <span class='ocrx_word' id='word_1_183' title='bbox 1414 2434 1450 2475; x_wconf 89' lang='lat' dir='ltr'><strong>ex</strong></span> 
     </span>
     <span class='ocr_line' id='line_1_22' title="bbox 298 2511 1449 2590; baseline 0 -16"><span class='ocrx_word' id='word_1_184' title='bbox 298 2514 342 2574; x_wconf 92' lang='grc'><strong>131</strong></span> <span class='ocrx_word' id='word_1_185' title='bbox 364 2511 577 2573; x_wconf 85' lang='grc'>33313313311333</span> <span class='ocrx_word' id='word_1_186' title='bbox 600 2512 792 2590; x_wconf 84' lang='lat' dir='ltr'><strong>scriptoribus</strong></span> <span class='ocrx_word' id='word_1_187' title='bbox 815 2511 855 2590; x_wconf 89' lang='lat' dir='ltr'><strong>(e.</strong></span> <span class='ocrx_word' id='word_1_188' title='bbox 872 2531 899 2589; x_wconf 84' lang='lat' dir='ltr'><strong>g.</strong></span> <span class='ocrx_word' id='word_1_189' title='bbox 916 2531 951 2572; x_wconf 92' lang='lat' dir='ltr'><strong>ex</strong></span> <span class='ocrx_word' id='word_1_190' title='bbox 974 2511 1081 2572; x_wconf 87' lang='lat' dir='ltr'><strong>Rufino</strong></span> <span class='ocrx_word' id='word_1_191' title='bbox 1102 2511 1230 2590; x_wconf 91' lang='lat' dir='ltr'><strong>Sulpicio</strong></span> <span class='ocrx_word' id='word_1_192' title='bbox 1248 2513 1449 2574; x_wconf 69' lang='grc'>8313131113-</span> 
     </span>
    </p>
   </div>
   <div class='ocr_carea' id='block_1_3' title="bbox 298 2608 1450 3084">
    <p class='ocr_par' dir='ltr' id='par_1_4' title="bbox 298 2608 1450 3084">
     <span class='ocr_line' id='line_1_23' title="bbox 298 2608 1449 2690; baseline 0 -18"><span class='ocrx_word' id='word_1_193' title='bbox 298 2611 382 2690; x_wconf 86' lang='lat' dir='ltr'><strong>gorio</strong></span> <span class='ocrx_word' id='word_1_194' title='bbox 406 2608 590 2688; x_wconf 89' lang='lat' dir='ltr'><strong>Turonensi)</strong></span> <span class='ocrx_word' id='word_1_195' title='bbox 616 2610 763 2688; x_wconf 89' lang='lat' dir='ltr'><strong>permulta</strong></span> <span class='ocrx_word' id='word_1_196' title='bbox 791 2611 946 2689; x_wconf 84' lang='lat' dir='ltr'><strong>exscripsit</strong></span> <span class='ocrx_word' id='word_1_197' title='bbox 968 2610 1020 2671; x_wconf 90' lang='lat' dir='ltr'><strong>sed</strong></span> <span class='ocrx_word' id='word_1_198' title='bbox 1045 2609 1133 2671; x_wconf 88' lang='lat' dir='ltr'><strong>etiam</strong></span> <span class='ocrx_word' id='word_1_199' title='bbox 1158 2619 1320 2690; x_wconf 82' lang='lat' dir='ltr'><strong>martyrum</strong></span> <span class='ocrx_word' id='word_1_200' title='bbox 1344 2612 1449 2673; x_wconf 86' lang='lat' dir='ltr'><strong>Trevi-</strong></span> 
     </span>
     <span class='ocr_line' id='line_1_24' title="bbox 302 2708 1449 2789; baseline 0.001 -19"><span class='ocrx_word' id='word_1_201' title='bbox 302 2709 438 2770; x_wconf 88' lang='lat' dir='ltr'><strong>rensium</strong></span> <span class='ocrx_word' id='word_1_202' title='bbox 462 2708 599 2769; x_wconf 90' lang='lat' dir='ltr'><strong>historias</strong></span> <span class='ocrx_word' id='word_1_203' title='bbox 623 2727 839 2789; x_wconf 88' lang='lat' dir='ltr'><strong>saepenumero</strong></span> <span class='ocrx_word' id='word_1_204' title='bbox 862 2708 952 2770; x_wconf 91' lang='lat' dir='ltr'><strong>verbo</strong></span> <span class='ocrx_word' id='word_1_205' title='bbox 975 2717 1065 2769; x_wconf 89' lang='lat' dir='ltr'><strong>tenus</strong></span> <span class='ocrx_word' id='word_1_206' title='bbox 1099 2709 1181 2788; x_wconf 89' lang='lat' dir='ltr'><strong>operi</strong></span> <span class='ocrx_word' id='word_1_207' title='bbox 1216 2728 1270 2770; x_wconf 91' lang='lat' dir='ltr'><strong>suo</strong></span> <span class='ocrx_word' id='word_1_208' title='bbox 1303 2711 1449 2772; x_wconf 85' lang='lat' dir='ltr'><strong>innexuit.</strong></span> 
     </span>
     <span class='ocr_line' id='line_1_25' title="bbox 300 2807 1450 2888; baseline 0 -18"><span class='ocrx_word' id='word_1_209' title='bbox 300 2809 397 2881; x_wconf 84' lang='lat' dir='ltr'><strong>Quare</strong></span> <span class='ocrx_word' id='word_1_210' title='bbox 419 2825 482 2870; x_wconf 93' lang='lat' dir='ltr'><strong>non</strong></span> <span class='ocrx_word' id='word_1_211' title='bbox 504 2808 629 2880; x_wconf 90' lang='lat' dir='ltr'><strong>mirum,</strong></span> <span class='ocrx_word' id='word_1_212' title='bbox 653 2809 732 2888; x_wconf 94' lang='lat' dir='ltr'><strong>quod</strong></span> <span class='ocrx_word' id='word_1_213' title='bbox 755 2808 832 2868; x_wconf 90' lang='lat' dir='ltr'><strong>vitae</strong></span> <span class='ocrx_word' id='word_1_214' title='bbox 856 2808 993 2868; x_wconf 86' lang='lat' dir='ltr'><strong>Eucharii</strong></span> <span class='ocrx_word' id='word_1_215' title='bbox 1016 2807 1168 2887; x_wconf 89' lang='lat' dir='ltr'><strong>scriptoris</strong></span> <span class='ocrx_word' id='word_1_216' title='bbox 1191 2809 1288 2881; x_wconf 86' lang='lat' dir='ltr'><strong>verba,</strong></span> <span class='ocrx_word' id='word_1_217' title='bbox 1315 2829 1391 2888; x_wconf 90' lang='lat' dir='ltr'><strong>quae</strong></span> <span class='ocrx_word' id='word_1_218' title='bbox 1414 2811 1450 2870; x_wconf 90' lang='lat' dir='ltr'><strong>de</strong></span> 
     </span>
     <span class='ocr_line' id='line_1_26' title="bbox 302 2905 1449 2986; baseline -0.001 -17"><span class='ocrx_word' id='word_1_219' title='bbox 302 2907 443 2986; x_wconf 86' lang='lat' dir='ltr'><strong>Capitolio</strong></span> <span class='ocrx_word' id='word_1_220' title='bbox 459 2907 536 2979; x_wconf 88' lang='lat' dir='ltr'><strong>lecit,</strong></span> <span class='ocrx_word' id='word_1_221' title='bbox 552 2905 583 2966; x_wconf 91' lang='grc'><strong>11</strong></span> <span class='ocrx_word' id='word_1_222' title='bbox 600 2907 690 2984; x_wconf 85' lang='lat' dir='ltr'><strong>gestis</strong></span> <span class='ocrx_word' id='word_1_223' title='bbox 706 2907 895 2967; x_wconf 85' lang='lat' dir='ltr'><strong>Trevirorum</strong></span> <span class='ocrx_word' id='word_1_224' title='bbox 912 2905 1146 2985; x_wconf 73' lang='lat' dir='ltr'><strong>reperimus²⁶⁷).</strong></span> <span class='ocrx_word' id='word_1_225' title='bbox 1182 2906 1333 2968; x_wconf 86' lang='lat' dir='ltr'><strong>Gravioris</strong></span> <span class='ocrx_word' id='word_1_226' title='bbox 1349 2915 1449 2969; x_wconf 88' lang='lat' dir='ltr'><strong>autem</strong></span> 
     </span>
     <span class='ocr_line' id='line_1_27' title="bbox 301 3004 1449 3084; baseline 0 -18"><span class='ocrx_word' id='word_1_227' title='bbox 301 3005 448 3066; x_wconf 90' lang='lat' dir='ltr'><strong>momenti</strong></span> <span class='ocrx_word' id='word_1_228' title='bbox 472 3004 588 3064; x_wconf 90' lang='grc'>3311113</span> <span class='ocrx_word' id='word_1_229' title='bbox 611 3005 708 3066; x_wconf 89' lang='lat' dir='ltr'><strong>caedis</strong></span> <span class='ocrx_word' id='word_1_230' title='bbox 732 3005 891 3066; x_wconf 87' lang='lat' dir='ltr'><strong>Rictiovari</strong></span> <span class='ocrx_word' id='word_1_231' title='bbox 914 3006 1053 3079; x_wconf 87' lang='lat' dir='ltr'><strong>narratio,</strong></span> <span class='ocrx_word' id='word_1_232' title='bbox 1078 3023 1166 3084; x_wconf 92' lang='lat' dir='ltr'><strong>quam</strong></span> <span class='ocrx_word' id='word_1_233' title='bbox 1183 3006 1269 3066; x_wconf 88' lang='lat' dir='ltr'><strong>Gesta</strong></span> <span class='ocrx_word' id='word_1_234' title='bbox 1285 3006 1449 3066; x_wconf 87' lang='lat' dir='ltr'><strong>continent.</strong></span> 
     </span>
    </p>
   </div>
   <div class='ocr_carea' id='block_1_4' title="bbox 301 3168 1454 4465">
    <p class='ocr_par' dir='ltr' id='par_1_5' title="bbox 301 3168 1454 4052">
     <span class='ocr_line' id='line_1_28' title="bbox 370 3168 1450 3236; baseline 0 -16"><span class='ocrx_word' id='word_1_235' title='bbox 370 3169 413 3236; x_wconf 77' lang='lat'>²⁸⁵)</span> <span class='ocrx_word' id='word_1_236' title='bbox 432 3171 561 3220; x_wconf 86' lang='lat' dir='ltr'><strong>Centum</strong></span> <span class='ocrx_word' id='word_1_237' title='bbox 579 3176 706 3219; x_wconf 87' lang='lat' dir='ltr'><strong>statuta</strong></span> <span class='ocrx_word' id='word_1_238' title='bbox 724 3169 814 3218; x_wconf 88' lang='lat' dir='ltr'><strong>idola</strong></span> <span class='ocrx_word' id='word_1_239' title='bbox 833 3170 856 3220; x_wconf 91' lang='lat' dir='ltr'><strong>si</strong></span> <span class='ocrx_word' id='word_1_240' title='bbox 868 3170 894 3220; x_wconf 93' lang='lat' dir='ltr'><strong>in</strong></span> <span class='ocrx_word' id='word_1_241' title='bbox 907 3169 1033 3235; x_wconf 87' lang='lat' dir='ltr'><strong>Capitolio</strong></span> <span class='ocrx_word' id='word_1_242' title='bbox 1047 3168 1126 3219; x_wconf 86' lang='lat' dir='ltr'><strong>fuisse</strong></span> <span class='ocrx_word' id='word_1_243' title='bbox 1145 3169 1273 3232; x_wconf 86' lang='lat' dir='ltr'><strong>dicuntur,</strong></span> <span class='ocrx_word' id='word_1_244' title='bbox 1291 3185 1345 3220; x_wconf 87' lang='lat' dir='ltr'><strong>earu</strong></span> <span class='ocrx_word' id='word_1_245' title='bbox 1357 3169 1450 3220; x_wconf 83' lang='grc'>13113111</span> 
     </span>
     <span class='ocr_line' id='line_1_29' title="bbox 302 3251 1448 3321; baseline -0.001 -19"><span class='ocrx_word' id='word_1_246' title='bbox 302 3253 366 3319; x_wconf 90' lang='lat' dir='ltr'><strong>apud</strong></span> <span class='ocrx_word' id='word_1_247' title='bbox 386 3253 504 3318; x_wconf 86' lang='lat' dir='ltr'><strong>populum</strong></span> <span class='ocrx_word' id='word_1_248' title='bbox 523 3252 638 3314; x_wconf 86' lang='lat' dir='ltr'><strong>viguisse</strong></span> <span class='ocrx_word' id='word_1_249' title='bbox 658 3252 713 3302; x_wconf 90' lang='lat' dir='ltr'><strong>veri</strong></span> <span class='ocrx_word' id='word_1_250' title='bbox 735 3252 819 3321; x_wconf 85' lang='lat' dir='ltr'><strong>simile</strong></span> <span class='ocrx_word' id='word_1_251' title='bbox 838 3252 950 3302; x_wconf 75' lang='lat' dir='ltr'><strong>videtur.</strong></span> <span class='ocrx_word' id='word_1_252' title='bbox 986 3251 1050 3302; x_wconf 86' lang='lat' dir='ltr'><strong>Nam</strong></span> <span class='ocrx_word' id='word_1_253' title='bbox 1070 3267 1124 3302; x_wconf 89' lang='lat' dir='ltr'><strong>eum</strong></span> <span class='ocrx_word' id='word_1_254' title='bbox 1143 3251 1237 3302; x_wconf 87' lang='lat' dir='ltr'><strong>factum</strong></span> <span class='ocrx_word' id='word_1_255' title='bbox 1257 3259 1326 3302; x_wconf 90' lang='lat' dir='ltr'><strong>esset</strong></span> <span class='ocrx_word' id='word_1_256' title='bbox 1345 3259 1373 3302; x_wconf 92' lang='lat' dir='ltr'><strong>ut</strong></span> <span class='ocrx_word' id='word_1_257' title='bbox 1392 3251 1448 3318; x_wconf 93' lang='lat' dir='ltr'><strong>lup-</strong></span> 
     </span>
     <span class='ocr_line' id='line_1_30' title="bbox 301 3331 1452 3399; baseline 0.002 -17"><span class='ocrx_word' id='word_1_258' title='bbox 301 3334 371 3399; x_wconf 90' lang='lat' dir='ltr'><strong>piter</strong></span> <span class='ocrx_word' id='word_1_259' title='bbox 390 3334 552 3398; x_wconf 86' lang='lat' dir='ltr'><strong>Capitolinus</strong></span> <span class='ocrx_word' id='word_1_260' title='bbox 572 3331 1030 3396; x_wconf 66' lang='grc'>311133131313115131131131113133</span> <span class='ocrx_word' id='word_1_261' title='bbox 1054 3333 1116 3384; x_wconf 92' lang='lat' dir='ltr'><strong>deos</strong></span> <span class='ocrx_word' id='word_1_262' title='bbox 1141 3334 1260 3398; x_wconf 86' lang='lat' dir='ltr'><strong>deinceps</strong></span> <span class='ocrx_word' id='word_1_263' title='bbox 1279 3333 1391 3398; x_wconf 89' lang='lat' dir='ltr'><strong>bospitio</strong></span> <span class='ocrx_word' id='word_1_264' title='bbox 1409 3349 1452 3384; x_wconf 91' lang='grc'><strong>13-</strong></span> 
     </span>
     <span class='ocr_line' id='line_1_31' title="bbox 302 3415 1451 3481; baseline -0.002 -15"><span class='ocrx_word' id='word_1_265' title='bbox 302 3416 400 3481; x_wconf 86' lang='lat' dir='ltr'><strong>ciperet</strong></span> <span class='ocrx_word' id='word_1_266' title='bbox 418 3423 494 3481; x_wconf 90' lang='lat' dir='ltr'><strong>atque</strong></span> <span class='ocrx_word' id='word_1_267' title='bbox 513 3415 687 3465; x_wconf 84' lang='lat' dir='ltr'><strong>aedicularum</strong></span> <span class='ocrx_word' id='word_1_268' title='bbox 706 3415 802 3464; x_wconf 88' lang='lat' dir='ltr'><strong>circum</strong></span> <span class='ocrx_word' id='word_1_269' title='bbox 829 3416 948 3480; x_wconf 89' lang='lat' dir='ltr'><strong>templum</strong></span> <span class='ocrx_word' id='word_1_270' title='bbox 973 3415 1145 3480; x_wconf 84' lang='lat' dir='ltr'><strong>Capitolinum</strong></span> <span class='ocrx_word' id='word_1_271' title='bbox 1173 3415 1243 3465; x_wconf 85' lang='lat' dir='ltr'><strong>Rom.</strong></span> <span class='ocrx_word' id='word_1_272' title='bbox 1269 3431 1387 3466; x_wconf 85' lang='lat' dir='ltr'><strong>numerus</strong></span> <span class='ocrx_word' id='word_1_273' title='bbox 1411 3416 1451 3465; x_wconf 89' lang='lat' dir='ltr'><strong>itn</strong></span> 
     </span>
     <span class='ocr_line' id='line_1_32' title="bbox 302 3496 1451 3560; baseline 0.003 -14"><span class='ocrx_word' id='word_1_274' title='bbox 302 3503 451 3560; x_wconf 80' lang='lat' dir='ltr'><strong>augeretur,</strong></span> <span class='ocrx_word' id='word_1_275' title='bbox 469 3505 498 3547; x_wconf 93' lang='lat' dir='ltr'><strong>ut</strong></span> <span class='ocrx_word' id='word_1_276' title='bbox 517 3511 603 3546; x_wconf 89' lang='lat' dir='ltr'><strong>omues</strong></span> <span class='ocrx_word' id='word_1_277' title='bbox 622 3496 662 3546; x_wconf 90' lang='lat' dir='ltr'><strong>dei</strong></span> <span class='ocrx_word' id='word_1_278' title='bbox 680 3512 729 3545; x_wconf 93' lang='lat' dir='ltr'><strong>uno</strong></span> <span class='ocrx_word' id='word_1_279' title='bbox 747 3496 804 3546; x_wconf 92' lang='lat' dir='ltr'><strong>loco</strong></span> <span class='ocrx_word' id='word_1_280' title='bbox 823 3497 972 3560; x_wconf 77' lang='lat' dir='ltr'><strong>congregati</strong></span> <span class='ocrx_word' id='word_1_281' title='bbox 991 3497 1149 3558; x_wconf 87' lang='lat' dir='ltr'><strong>viderentur,</strong></span> <span class='ocrx_word' id='word_1_282' title='bbox 1174 3497 1250 3546; x_wconf 92' lang='lat' dir='ltr'><strong>buius</strong></span> <span class='ocrx_word' id='word_1_283' title='bbox 1269 3498 1309 3547; x_wconf 89' lang='lat' dir='ltr'><strong>rei</strong></span> <span class='ocrx_word' id='word_1_284' title='bbox 1327 3497 1451 3550; x_wconf 86' lang='lat' dir='ltr'><strong>memoria</strong></span> 
     </span>
     <span class='ocr_line' id='line_1_33' title="bbox 302 3577 1452 3644; baseline 0.001 -16"><span class='ocrx_word' id='word_1_285' title='bbox 302 3579 428 3640; x_wconf 79' lang='lat' dir='ltr'><strong>religione</strong></span> <span class='ocrx_word' id='word_1_286' title='bbox 446 3578 549 3644; x_wconf 82' lang='lat' dir='ltr'><strong>antique</strong></span> <span class='ocrx_word' id='word_1_287' title='bbox 568 3578 734 3643; x_wconf 88' lang='lat' dir='ltr'><strong>iampridem</strong></span> <span class='ocrx_word' id='word_1_288' title='bbox 753 3577 862 3643; x_wconf 87' lang='lat' dir='ltr'><strong>sublata,</strong></span> <span class='ocrx_word' id='word_1_289' title='bbox 881 3594 936 3628; x_wconf 91' lang='lat' dir='ltr'><strong>cum</strong></span> <span class='ocrx_word' id='word_1_290' title='bbox 956 3579 1148 3643; x_wconf 82' lang='lat' dir='ltr'><strong>provinciarum</strong></span> <span class='ocrx_word' id='word_1_291' title='bbox 1167 3578 1295 3644; x_wconf 87' lang='lat' dir='ltr'><strong>Capitolia</strong></span> <span class='ocrx_word' id='word_1_292' title='bbox 1314 3579 1452 3630; x_wconf 83' lang='lat' dir='ltr'><strong>Romanum</strong></span> 
     </span>
     <span class='ocr_line' id='line_1_34' title="bbox 302 3659 1452 3724; baseline 0.002 -14"><span class='ocrx_word' id='word_1_293' title='bbox 302 3660 333 3710; x_wconf 89' lang='lat' dir='ltr'><strong>ad</strong></span> <span class='ocrx_word' id='word_1_294' title='bbox 353 3675 458 3723; x_wconf 80' lang='lat' dir='ltr'><strong>unguem</strong></span> <span class='ocrx_word' id='word_1_295' title='bbox 477 3661 658 3724; x_wconf 83' lang='lat' dir='ltr'><strong>exprimerent,</strong></span> <span class='ocrx_word' id='word_1_296' title='bbox 678 3660 704 3708; x_wconf 95' lang='lat' dir='ltr'><strong>in</strong></span> <span class='ocrx_word' id='word_1_297' title='bbox 724 3674 768 3708; x_wconf 92' lang='grc'><strong>313</strong></span> <span class='ocrx_word' id='word_1_298' title='bbox 786 3660 914 3709; x_wconf 92' lang='lat' dir='ltr'><strong>homiuum</strong></span> <span class='ocrx_word' id='word_1_299' title='bbox 933 3659 1087 3709; x_wconf 88' lang='lat' dir='ltr'><strong>remansisse</strong></span> <span class='ocrx_word' id='word_1_300' title='bbox 1101 3660 1213 3710; x_wconf 89' lang='lat' dir='ltr'><strong>videtur.</strong></span> <span class='ocrx_word' id='word_1_301' title='bbox 1249 3659 1329 3711; x_wconf 92' lang='lat' dir='ltr'><strong>Velut</strong></span> <span class='ocrx_word' id='word_1_302' title='bbox 1347 3662 1416 3712; x_wconf 87' lang='lat' dir='ltr'><strong>vitae</strong></span> <span class='ocrx_word' id='word_1_303' title='bbox 1430 3679 1452 3712; x_wconf 91' lang='lat' dir='ltr'><strong>s.</strong></span> 
     </span>
     <span class='ocr_line' id='line_1_35' title="bbox 302 3740 1452 3808; baseline 0.001 -16"><span class='ocrx_word' id='word_1_304' title='bbox 302 3742 460 3807; x_wconf 81' lang='lat' dir='ltr'><strong>Apollinaris</strong></span> <span class='ocrx_word' id='word_1_305' title='bbox 478 3742 590 3808; x_wconf 89' lang='lat' dir='ltr'><strong>scriptor</strong></span> <span class='ocrx_word' id='word_1_306' title='bbox 609 3740 766 3793; x_wconf 85' lang='lat' dir='ltr'><strong>Ravennatis</strong></span> <span class='ocrx_word' id='word_1_307' title='bbox 785 3742 907 3808; x_wconf 86' lang='lat' dir='ltr'><strong>Capitolii</strong></span> <span class='ocrx_word' id='word_1_308' title='bbox 927 3742 1070 3806; x_wconf 85' lang='lat' dir='ltr'><strong>pontificum</strong></span> <span class='ocrx_word' id='word_1_309' title='bbox 1096 3742 1134 3791; x_wconf 87' lang='grc'><strong>311</strong></span> <span class='ocrx_word' id='word_1_310' title='bbox 1156 3741 1280 3791; x_wconf 89' lang='lat' dir='ltr'><strong>invidiam</strong></span> <span class='ocrx_word' id='word_1_311' title='bbox 1298 3748 1324 3792; x_wconf 91' lang='lat' dir='ltr'><strong>et</strong></span> <span class='ocrx_word' id='word_1_312' title='bbox 1342 3744 1452 3793; x_wconf 89' lang='lat' dir='ltr'><strong>studium</strong></span> 
     </span>
     <span class='ocr_line' id='line_1_36' title="bbox 302 3822 1454 3890; baseline 0 -14"><span class='ocrx_word' id='word_1_313' title='bbox 302 3833 398 3876; x_wconf 88' lang='lat' dir='ltr'><strong>tautam</strong></span> <span class='ocrx_word' id='word_1_314' title='bbox 418 3824 507 3889; x_wconf 86' lang='grc'>111333,</span> <span class='ocrx_word' id='word_1_315' title='bbox 526 3831 555 3874; x_wconf 87' lang='grc'><strong>11</strong></span> <span class='ocrx_word' id='word_1_316' title='bbox 572 3824 619 3874; x_wconf 92' lang='grc'><strong>111</strong></span> <span class='ocrx_word' id='word_1_317' title='bbox 638 3825 711 3890; x_wconf 93' lang='lat' dir='ltr'><strong>plus</strong></span> <span class='ocrx_word' id='word_1_318' title='bbox 730 3831 900 3875; x_wconf 85' lang='lat' dir='ltr'><strong>trecentae</strong></span> <span class='ocrx_word' id='word_1_319' title='bbox 919 3831 1026 3874; x_wconf 88' lang='lat' dir='ltr'><strong>essent</strong></span> <span class='ocrx_word' id='word_1_320' title='bbox 1043 3839 1117 3873; x_wconf 90' lang='lat' dir='ltr'><strong>urae</strong></span> <span class='ocrx_word' id='word_1_321' title='bbox 1136 3822 1188 3888; x_wconf 87' lang='lat' dir='ltr'><strong>(vd.</strong></span> <span class='ocrx_word' id='word_1_322' title='bbox 1207 3841 1230 3888; x_wconf 87' lang='lat' dir='ltr'><strong>p.</strong></span> <span class='ocrx_word' id='word_1_323' title='bbox 1244 3824 1294 3884; x_wconf 81' lang='grc'>33).</span> <span class='ocrx_word' id='word_1_324' title='bbox 1324 3823 1454 3876; x_wconf 86' lang='lat' dir='ltr'><strong>Similiter</strong></span> 
     </span>
     <span class='ocr_line' id='line_1_37' title="bbox 304 3906 1452 3973; baseline -0.001 -14"><span class='ocrx_word' id='word_1_325' title='bbox 304 3908 456 3960; x_wconf 82' lang='lat' dir='ltr'><strong>Antiochiae</strong></span> <span class='ocrx_word' id='word_1_326' title='bbox 475 3907 501 3957; x_wconf 91' lang='lat' dir='ltr'><strong>in</strong></span> <span class='ocrx_word' id='word_1_327' title='bbox 521 3907 649 3972; x_wconf 85' lang='lat' dir='ltr'><strong>Capitolio</strong></span> <span class='ocrx_word' id='word_1_328' title='bbox 671 3907 739 3972; x_wconf 89' lang='lat' dir='ltr'><strong>plus</strong></span> <span class='ocrx_word' id='word_1_329' title='bbox 758 3907 993 3973; x_wconf 80' lang='lat' dir='ltr'><strong>quinquaginta</strong></span> <span class='ocrx_word' id='word_1_330' title='bbox 1012 3906 1185 3956; x_wconf 88' lang='lat' dir='ltr'><strong>simulacra</strong></span> <span class='ocrx_word' id='word_1_331' title='bbox 1204 3906 1273 3956; x_wconf 85' lang='lat' dir='ltr'><strong>culta</strong></span> <span class='ocrx_word' id='word_1_332' title='bbox 1287 3920 1344 3956; x_wconf 88' lang='lat' dir='ltr'><strong>esse</strong></span> <span class='ocrx_word' id='word_1_333' title='bbox 1362 3915 1418 3958; x_wconf 86' lang='lat' dir='ltr'><strong>acta</strong></span> <span class='ocrx_word' id='word_1_334' title='bbox 1432 3925 1452 3958; x_wconf 91' lang='lat' dir='ltr'><strong>s.</strong></span> 
     </span>
     <span class='ocr_line' id='line_1_38' title="bbox 302 3986 728 4052; baseline -0.005 -12"><span class='ocrx_word' id='word_1_335' title='bbox 302 3989 399 4040; x_wconf 87' lang='lat' dir='ltr'><strong>Iuliani</strong></span> <span class='ocrx_word' id='word_1_336' title='bbox 418 3986 546 4038; x_wconf 86' lang='grc'>3111111311</span> <span class='ocrx_word' id='word_1_337' title='bbox 565 3988 618 4050; x_wconf 85' lang='lat' dir='ltr'><strong>(vd.</strong></span> <span class='ocrx_word' id='word_1_338' title='bbox 638 4003 663 4051; x_wconf 89' lang='lat' dir='ltr'><strong>p.</strong></span> <span class='ocrx_word' id='word_1_339' title='bbox 678 3987 728 4052; x_wconf 77' lang='lat'><strong>58).</strong></span> 
     </span>
    </p>

    <p class='ocr_par' dir='ltr' id='par_1_6' title="bbox 371 4067 997 4135">
     <span class='ocr_line' id='line_1_39' title="bbox 371 4067 997 4135; baseline -0.002 -17"><span class='ocrx_word' id='word_1_340' title='bbox 371 4068 501 4131; x_wconf 66' lang='grc' dir='ltr'><strong>1511Μ31.</strong></span> <span class='ocrx_word' id='word_1_341' title='bbox 522 4067 606 4118; x_wconf 89' lang='lat' dir='ltr'><strong>Germ.</strong></span> <span class='ocrx_word' id='word_1_342' title='bbox 628 4069 716 4135; x_wconf 89' lang='lat' dir='ltr'><strong>script.</strong></span> <span class='ocrx_word' id='word_1_343' title='bbox 735 4067 793 4121; x_wconf 94' lang='lat' dir='ltr'><strong>Vlll</strong></span> <span class='ocrx_word' id='word_1_344' title='bbox 811 4085 834 4134; x_wconf 91' lang='lat' dir='ltr'><strong>p.</strong></span> <span class='ocrx_word' id='word_1_345' title='bbox 857 4069 997 4118; x_wconf 84' lang='lat'><strong>111-174.</strong></span> 
     </span>
    </p>

    <p class='ocr_par' dir='ltr' id='par_1_7' title="bbox 303 4149 1454 4465">
     <span class='ocr_line' id='line_1_40' title="bbox 371 4149 1454 4218; baseline 0.002 -18"><span class='ocrx_word' id='word_1_346' title='bbox 371 4152 414 4214; x_wconf 79' lang='lat'><strong>²⁶⁷)</strong></span> <span class='ocrx_word' id='word_1_347' title='bbox 433 4151 450 4200; x_wconf 93' lang='lat' dir='ltr'><strong>l.</strong></span> <span class='ocrx_word' id='word_1_348' title='bbox 470 4167 491 4200; x_wconf 89' lang='lat' dir='ltr'><strong>c.</strong></span> <span class='ocrx_word' id='word_1_349' title='bbox 511 4167 533 4216; x_wconf 94' lang='lat' dir='ltr'><strong>p.</strong></span> <span class='ocrx_word' id='word_1_350' title='bbox 557 4149 651 4216; x_wconf 66' lang='grc'>13151</span> <span class='ocrx_word' id='word_1_351' title='bbox 671 4151 815 4215; x_wconf 82' lang='lat' dir='ltr'><strong>„Fecerunt</strong></span> <span class='ocrx_word' id='word_1_352' title='bbox 833 4150 925 4200; x_wconf 89' lang='lat' dir='ltr'><strong>ibidem</strong></span> <span class='ocrx_word' id='word_1_353' title='bbox 945 4157 972 4202; x_wconf 88' lang='lat' dir='ltr'><strong>et</strong></span> <span class='ocrx_word' id='word_1_354' title='bbox 990 4149 1141 4216; x_wconf 87' lang='lat' dir='ltr'><strong>Capitolium</strong></span> <span class='ocrx_word' id='word_1_355' title='bbox 1165 4150 1307 4213; x_wconf 87' lang='lat' dir='ltr'><strong>maximum,</strong></span> <span class='ocrx_word' id='word_1_356' title='bbox 1331 4152 1454 4218; x_wconf 89' lang='lat' dir='ltr'><strong>templum</strong></span> 
     </span>
     <span class='ocr_line' id='line_1_41' title="bbox 304 4232 1454 4301; baseline -0.002 -17"><span class='ocrx_word' id='word_1_357' title='bbox 304 4251 402 4301; x_wconf 90' lang='lat' dir='ltr'><strong>quoque</strong></span> <span class='ocrx_word' id='word_1_358' title='bbox 420 4233 555 4295; x_wconf 88' lang='lat' dir='ltr'><strong>idolorum,</strong></span> <span class='ocrx_word' id='word_1_359' title='bbox 575 4233 600 4282; x_wconf 92' lang='lat' dir='ltr'><strong>in</strong></span> <span class='ocrx_word' id='word_1_360' title='bbox 620 4249 668 4298; x_wconf 91' lang='lat' dir='ltr'><strong>quo</strong></span> <span class='ocrx_word' id='word_1_361' title='bbox 688 4250 737 4283; x_wconf 91' lang='lat' dir='ltr'><strong>non</strong></span> <span class='ocrx_word' id='word_1_362' title='bbox 756 4234 838 4283; x_wconf 88' lang='lat' dir='ltr'><strong>minus</strong></span> <span class='ocrx_word' id='word_1_363' title='bbox 857 4250 930 4298; x_wconf 84' lang='lat' dir='ltr'><strong>quam</strong></span> <span class='ocrx_word' id='word_1_364' title='bbox 953 4240 1053 4283; x_wconf 88' lang='lat' dir='ltr'><strong>eentum</strong></span> <span class='ocrx_word' id='word_1_365' title='bbox 1080 4239 1176 4282; x_wconf 89' lang='lat' dir='ltr'><strong>statuta</strong></span> <span class='ocrx_word' id='word_1_366' title='bbox 1201 4232 1270 4281; x_wconf 88' lang='lat' dir='ltr'><strong>idola</strong></span> <span class='ocrx_word' id='word_1_367' title='bbox 1294 4233 1454 4295; x_wconf 80' lang='lat' dir='ltr'><strong>generaliter</strong></span> 
     </span>
     <span class='ocr_line' id='line_1_42' title="bbox 303 4315 1453 4382; baseline 0 -16"><span class='ocrx_word' id='word_1_368' title='bbox 303 4317 334 4366; x_wconf 92' lang='lat' dir='ltr'><strong>ab</strong></span> <span class='ocrx_word' id='word_1_369' title='bbox 354 4317 421 4367; x_wconf 90' lang='lat' dir='ltr'><strong>omni</strong></span> <span class='ocrx_word' id='word_1_370' title='bbox 441 4315 531 4382; x_wconf 89' lang='lat' dir='ltr'><strong>populo</strong></span> <span class='ocrx_word' id='word_1_371' title='bbox 551 4315 701 4366; x_wconf 87' lang='lat' dir='ltr'><strong>colebantur</strong></span> <span class='ocrx_word' id='word_1_372' title='bbox 719 4322 746 4364; x_wconf 87' lang='lat' dir='ltr'><strong>et</strong></span> <span class='ocrx_word' id='word_1_373' title='bbox 763 4331 808 4381; x_wconf 90' lang='lat' dir='ltr'><strong>per</strong></span> <span class='ocrx_word' id='word_1_374' title='bbox 833 4331 862 4364; x_wconf 90' lang='grc'><strong>33</strong></span> <span class='ocrx_word' id='word_1_375' title='bbox 881 4315 970 4365; x_wconf 90' lang='lat' dir='ltr'><strong>miseri</strong></span> <span class='ocrx_word' id='word_1_376' title='bbox 993 4315 1123 4382; x_wconf 87' lang='lat' dir='ltr'><strong>responsis</strong></span> <span class='ocrx_word' id='word_1_377' title='bbox 1147 4316 1294 4364; x_wconf 88' lang='lat' dir='ltr'><strong>daemonum</strong></span> <span class='ocrx_word' id='word_1_378' title='bbox 1318 4331 1348 4364; x_wconf 88' lang='lat' dir='ltr'><strong>ac</strong></span> <span class='ocrx_word' id='word_1_379' title='bbox 1371 4315 1453 4366; x_wconf 90' lang='lat' dir='ltr'><strong>variis</strong></span> 
     </span>
     <span class='ocr_line' id='line_1_43' title="bbox 304 4395 682 4465; baseline 0 -18"><span class='ocrx_word' id='word_1_380' title='bbox 304 4398 453 4465; x_wconf 78' lang='lat' dir='ltr'><strong>praestigiis</strong></span> <span class='ocrx_word' id='word_1_381' title='bbox 473 4395 682 4447; x_wconf 82' lang='lat' dir='ltr'><strong>deludebantur“.</strong></span> 
     </span>
    </p>
   </div>
   <div class='ocr_carea' id='block_1_5' title="bbox 0 0 1610 5236">
    <p class='ocr_par' dir='ltr' id='par_1_8' title="bbox 0 0 1610 5236">
     <span class='ocr_line' id='line_1_44' title="bbox 0 0 1610 5236; baseline 0 0"><span class='ocrx_word' id='word_1_382' title='bbox 0 0 1610 5236; x_wconf 95' lang='lat' dir='ltr'><strong> </strong></span> 
     </span>
    </p>
   </div>
  </div>
 </body>
</html>
