3224 5240
737 365 958 428 ..22-

360 549 446 607 Anno
478 539 558 606 1817
590 545 621 623 11
652 545 723 605 11111
752 543 868 604 tabulae
898 543 1010 604 votivae
1033 561 1101 622 pars
1123 543 1241 603 inventa
1265 552 1322 614 est,
1347 561 1420 622 qnae

274 647 365 708 altera
387 651 471 724 parte
494 663 509 704 a
532 642 670 703 Florollio
694 651 809 721 reperta
832 659 914 702 nuno
943 661 1037 721 paene
1067 651 1128 702 tola
1157 650 1260 702 exstat.
1306 642 1422 702 Titulus

189 778 190 782 =
276 745 334 806 lovi
358 744 469 823 optimo
493 742 620 803 maximo
645 741 771 819 Caligula
801 748 946 818 regnante
968 741 1045 800 intra
1069 757 1162 800 annos
1186 759 1212 820 p.
1238 740 1306 800 Chr.
1330 740 1370 800 37
1393 749 1422 801 et

278 843 317 906 38
334 843 448 922 positus
466 842 513 901 hio
528 849 589 901 est:
607 840 628 900 l.
646 841 681 916 [o]
700 859 739 899 m.
760 836 764 920 l
786 857 838 918 pro
855 840 949 900 salute
965 838 1007 916 [C.
1024 839 1164 915 Calesaris
1180 839 1303 917 Augusti
1324 835 1328 921 l
1349 839 1422 900 Ger-

277 942 403 1019 manlioil
435 941 527 1018 [ilmp.
549 939 655 1018 pontif.
678 957 753 999 max.
772 935 776 1018 l
798 937 934 998 tribunis.
956 939 1043 1016 plote]
1066 945 1132 998 stat.
1155 933 1309 1015 oonsulisl
1331 983 1420 999 .....
1448 931 1453 934 ’

277 1049 372 1101 octus.
395 1058 422 1119 p.
448 1057 470 1099 s.
482 1038 531 1118 ⁶⁷).
576 1038 688 1097 Eodem
705 1053 783 1098 anno
799 1037 965 1116 eodemque
987 1037 1050 1096 loeo
1073 1037 1190 1113 signum
1207 1035 1282 1096 lovis
1299 1035 1422 1098 eximiae

208 1191 212 1197 .
279 1135 493 1216 magnitudinis
514 1136 660 1212 detectam
675 1155 740 1196 esse
755 1135 946 1196 effossionum
968 1135 1125 1196 relationes
1146 1135 1323 1214 1111111111).
1362 1135 1424 1196 lloo

273 1237 473 1298 simulacrum
490 1233 575 1296 ¹idem
593 1253 658 1296 esso
681 1235 760 1314 quod
784 1253 866 1296 nuno
887 1235 925 1295 sit
946 1235 976 1294 in
991 1233 1062 1294 llus.
1082 1234 1171 1314 Neap.
1188 1235 1319 1295 conclavi
1344 1235 1423 1314 quod

279 1335 386 1398 dieitur
402 1335 523 1407 Tiberii,
546 1335 631 1412 vulgo
654 1341 775 1413 putant3
797 1341 827 1395 at
849 1335 906 1394 hoo
929 1343 974 1394 est
994 1349 1205 1407 marmoreum,
1228 1334 1298 1395 illud
1322 1351 1358 1396 ex
1379 1335 1422 1394 la-

275 1435 346 1514 pide
383 1434 549 1495 alabastrite
585 1433 716 1503 lautum,
756 1441 788 1492 ut
825 1429 949 1494 dubium
987 1433 1026 1493 sit
1067 1449 1139 1493 num
1178 1433 1304 1494 alterum
1342 1433 1424 1495 alteri

204 1574 208 1581 -
274 1529 514 1614 respondeatll).
560 1531 671 1592 Romae
693 1531 725 1590 in
749 1531 892 1610 Capitolio
915 1532 1069 1610 templum,
1094 1532 1172 1610 quod
1195 1533 1314 1592 Catulus
1343 1531 1424 1592 dedi-

278 1641 403 1705 caverat,
426 1640 488 1690 tres
511 1629 598 1690 cellas
620 1629 747 1689 habebat
769 1629 886 1690 duobus
909 1628 1070 1708 parietibus
1094 1630 1170 1690 inter
1192 1649 1223 1691 se
1238 1629 1423 1710 secretas⁶⁰).

281 1733 342 1793 Neo
370 1735 468 1809 potest
496 1726 639 1799 dubitari,
673 1727 746 1806 quin
775 1727 806 1787 in
834 1729 937 1807 templi
967 1737 1051 1808 parte
1074 1729 1194 1790 adversa
1222 1737 1283 1790 tres
1314 1729 1425 1790 fuerint

278 1837 398 1910 portae,
429 1845 495 1887 cnm
521 1825 619 1904 Scipio
644 1825 817 1905 Capitolium
848 1827 942 1904 prima
971 1829 1035 1888 luce
1063 1827 1232 1888 ascendisse
1262 1836 1292 1888 et
1324 1827 1424 1888 cellam

274 1925 357 1988 lovis
380 1923 436 1986 sibi
458 1924 649 1987 reserandam
672 1943 791 1985 curasse
813 1923 979 2000 feraturffl).
1025 1926 1181 1986 utcontra
1197 1926 1228 1985 in
1244 1926 1293 1986 illo
1313 1926 1424 2006 templo

279 2023 459 2104 Pompeiano
491 2022 576 2084 aliter
603 2041 652 2083 res
683 2041 715 2083 se
744 2023 852 2084 habere
884 2024 1010 2098 videtum
1038 2023 1078 2084 ibi
1103 2024 1184 2084 enim
1207 2041 1268 2086 non
1292 2033 1350 2086 tres
1374 2026 1424 2086 sed

280 2141 338 2186 una
361 2130 445 2201 porta
467 2120 610 2182 latissima
633 2121 721 2181 cellae
737 2121 893 2182 introitum
911 2121 1063 2201 aperuisse
1079 2121 1202 2194 videtur,
1226 2123 1256 2182 id
1272 2125 1350 2202 quod
1368 2123 1425 2184 nisi

279 2219 434 2300 Pompeiis
456 2220 527 2280 deos
555 2219 735 2298 Capitolinos
765 2219 941 2280 coniunctos
969 2221 1064 2280 cultos
1094 2239 1159 2280 esse
1193 2221 1332 2281 declarari
1364 2239 1425 2282 non

279 2317 444 2399 polerit⁶²).
490 2318 561 2378 Tres
585 2317 719 2390 larissae,
743 2337 817 2398 quae
840 2319 962 2378 suntin
986 2327 1070 2396 parte
1093 2318 1182 2379 oellae
1205 2301 1425 2400 postica'usque

279 2419 314 2478 ad
349 2417 479 2477 medium
513 2415 656 2494 parietem
690 2435 824 2477 aversum
860 2426 1018 2496 pergentes
1052 2435 1104 2496 pro
1139 2418 1278 2478 thesauro
1308 2427 1336 2480 et
1363 2419 1425 2479 basi

280 2515 382 2577 triadis
405 2515 497 2575 fuisse
521 2515 605 2593 vulgo
628 2521 780 2593 putantur,
804 2533 872 2575 cum
894 2515 972 2576 inter
995 2534 1027 2576 se
1051 2516 1165 2576 duobus
1188 2516 1347 2596 parietibus
1364 2517 1425 2578 dis·

280 2611 500 2694 iungantur⁶⁸).

365 2712 447 2784 Quae
477 2729 543 2771 oum
572 2710 704 2784 desint,
733 2713 880 2790 templum
907 2711 983 2772 lovis
1007 2711 1163 2792 Capitolini
1193 2712 1285 2774 fuisse
1316 2713 1425 2774 sinon

280 2830 381 2876 verum
399 2819 433 2886 ¹at
455 2811 516 2872 veri
538 2809 722 2872 simillimum
755 2811 870 2872 videtur
883 2811 933 2890 ⁶4).
983 2811 1067 2883 Quod
1096 2813 1213 2892 quando
1241 2813 1424 2876 aedificatum

280 3013 493 3022 ————-

241 3149 243 3153 '
275 3127 344 3212 *apud
364 3143 502 3198 Ouerbeolr.
521 3141 605 3208 Pomp.
625 3160 649 3210 p.
668 3144 710 3207 62,
730 3142 770 3208 65,
790 3143 905 3207 att-923
924 3161 963 3209 ap.
975 3142 1077 3195 Nissen.
1091 3145 1161 3194 Stud.
1175 3144 1259 3210 Pomp.
1275 3162 1299 3212 p.
1312 3147 1362 3197 320
1372 3162 1424 3212 sqq.

280 3235 306 3278 et
317 3227 412 3292 Templ.
425 3243 448 3294 p.
464 3223 521 3290 142,
534 3226 597 3290 2093
616 3241 655 3292 ap.
669 3225 767 3276 Mazois
781 3233 807 3276 et
820 3224 874 3275 Gau
887 3225 993 3288 „ruines
1005 3225 1036 3275 de
1048 3225 1152 3292 Pomp.“
1167 3229 1216 3278 vol.
1227 3226 1267 3292 lll,
1282 3245 1304 3294 p.
1315 3224 1425 3292 48-'50‚

280 3309 322 3360 ubi
342 3307 373 3359 os.
393 3307 497 3360 sormam
516 3306 762 3358 XXX—XXXVI.

348 3403 381 3466 ὅ7)
398 3401 429 3452 ol.
448 3400 467 3452 I.
487 3401 515 3452 ll.
535 3401 566 3452 N.
585 3402 666 3465 22123
693 3402 795 3454 Nissen.
814 3401 876 3454 hull.
898 3401 962 3452 1866
980 3419 1002 3467 p.
1022 3403 1045 3452 7.

348 3498 382 3560 ⁶⁸)
400 3497 466 3547 Hist.
486 3503 537 3548 ant.
557 3496 642 3562 Pomp.
661 3496 706 3558 13,
726 3512 749 3562 p.
770 3498 830 3548 190:
854 3512 904 3546 una
921 3504 988 3547 testa
1007 3497 1033 3546 di
1055 3495 1183 3548 alabastro
1203 3500 1281 3550 anone
1298 3501 1426 3552 oolossele

280 3579 307 3628 di
329 3596 363 3628 un
383 3577 465 3630 Giove
489 3579 515 3628 di
538 3595 571 3630 nn
596 3579 736 3630 bellissimo
760 3587 889 3630 carattere
914 3595 927 3629 e
950 3595 997 3630 oon
1016 3581 1073 3630 vari
1095 3579 1239 3632 frammenti
1257 3583 1288 3632 ad
1306 3599 1364 3634 esea
1383 3601 1426 3649 ap-
1524 3643 1526 3648 .
1602 3631 1603 3648 ,

280 3662 433 3726 pertenenti.

348 3757 379 3818 ⁶⁹)
399 3756 541 3807 Ouerbeok.
564 3757 581 3806 l.
603 3773 624 3806 1.
644 3773 666 3821 p.
681 3757 720 3819 89,
741 3757 790 3806 342
809 3757 864 3806 adn.
890 3757 931 3820 18;
957 3773 978 3822 p.
992 3759 1040 3810 561
1065 3759 1121 3808 adn.
1141 3760 1180 3808 24.
1227 3761 1298 3825 Quod
1325 3761 1425 3812 Nissen.

280 3838 351 3888 Stud.
375 3837 459 3905 Pomp.
486 3855 507 3902 p.
533 3837 582 3886 316
610 3839 640 3887 de
666 3838 725 3888 aliis
753 3840 867 3889 inventis
900 3841 960 3889 anni
987 3841 1051 3892 1818
1086 3842 1219 3905 exposuit,
1248 3849 1331 3892 totum
1359 3842 1425 3894 salso

281 3919 453 3982 excogitatum
479 3935 543 3984 esse,
563 3921 638 3969 audio
657 3935 714 3971 esse
732 3921 774 3986 qui
792 3922 940 3986 propediem
960 3923 1179 3974 demonstraturos
1198 3925 1262 3974 sit.-

349 4014 382 4076 80)
401 4013 503 4063 Jordan.
522 4011 632 4079 Topogr.
653 4013 680 4064 ll.
699 4013 746 4077 12,
765 4031 788 4080 p.
808 4015 850 4066 90.

349 4109 537 4174 Qmpffl

349 4205 380 4267 ⁶⁹)
400 4203 433 4252 ib.
452 4204 508 4253 adu.
529 4203 575 4266 893
595 4201 626 4254 of.
646 4201 703 4255 lllan
723 4205 807 4270 Syma.
827 4206 911 4272 Pomp.
931 4222 954 4271 p.
975 4207 1023 4258 205
1037 4221 1089 4272 sqq.

351 4300 381 4360 ⁶³)
402 4298 542 4350 Overheek.
565 4316 586 4364 p.
606 4300 651 4362 923
671 4301 774 4364 Nissen,
795 4301 864 4352 Stud.
884 4318 906 4367 p.
928 4300 986 4352 325.

350 4394 382 4460 64)
401 4394 474 4444 Licet
481 4403 562 4446 aulem
574 4412 612 4458 ea,
623 4412 686 4461 quae
696 4396 922 4461 designilioatioue
933 4398 1021 4464 templi
1031 4400 1078 4448 lroe
1086 4398 1144 4448 loeo
1154 4399 1292 4465 disputavi,
1303 4401 1425 4467 qnondam
