<?xml version="1.0" encoding="UTF-8"?>
<!DOCTYPE html PUBLIC "-//W3C//DTD XHTML 1.0 Transitional//EN"
    "http://www.w3.org/TR/xhtml1/DTD/xhtml1-transitional.dtd">
<html xmlns="http://www.w3.org/1999/xhtml" xml:lang="en" lang="en">
 <head>
  <title>
</title>
<meta http-equiv="Content-Type" content="text/html;charset=utf-8" />
  <meta name='ocr-system' content='tesseract 3.04.00' />
  <meta name='ocr-capabilities' content='ocr_page ocr_carea ocr_par ocr_line ocrx_word'/>
</head>
<body>
  <div class='ocr_page' id='page_1' title='image "./decapitoliisimp00kuhfgoog_0010.png"; bbox 0 0 3180 5236; ppageno 0'>
   <div class='ocr_carea' id='block_1_1' title="bbox 152 1405 1303 2504">
    <p class='ocr_par' dir='ltr' id='par_1_1' title="bbox 152 1405 1303 2094">
     <span class='ocr_line' id='line_1_1' title="bbox 237 1405 1301 1517; baseline -0.002 -19"><span class='ocrx_word' id='word_1_1' title='bbox 237 1405 418 1517; x_wconf 70' lang='lat' dir='ltr'><strong>Capitolium</strong></span> <span class='ocrx_word' id='word_1_2' title='bbox 442 1436 610 1498; x_wconf 85' lang='lat' dir='ltr'><strong>Romanum</strong></span> <span class='ocrx_word' id='word_1_3' title='bbox 634 1443 793 1517; x_wconf 74' lang='lat' dir='ltr'><strong>postquam</strong></span> <span class='ocrx_word' id='word_1_4' title='bbox 818 1436 869 1496; x_wconf 94' lang='lat' dir='ltr'><strong>diu</strong></span> <span class='ocrx_word' id='word_1_5' title='bbox 897 1443 926 1496; x_wconf 92' lang='lat' dir='ltr'><strong>et</strong></span> <span class='ocrx_word' id='word_1_6' title='bbox 948 1434 1054 1498; x_wconf 89' lang='lat' dir='ltr'><strong>acriter</strong></span> <span class='ocrx_word' id='word_1_7' title='bbox 1077 1454 1092 1497; x_wconf 92' lang='lat' dir='ltr'><strong>a</strong></span> <span class='ocrx_word' id='word_1_8' title='bbox 1115 1433 1184 1496; x_wconf 83' lang='lat' dir='ltr'><strong>viris</strong></span> <span class='ocrx_word' id='word_1_9' title='bbox 1207 1434 1301 1498; x_wconf 89' lang='lat' dir='ltr'><strong>doctis</strong></span> 
     </span>
     <span class='ocr_line' id='line_1_2' title="bbox 152 1533 1302 1616; baseline -0.003 -17"><span class='ocrx_word' id='word_1_10' title='bbox 152 1537 350 1616; x_wconf 80' lang='lat' dir='ltr'>disceptatum</span> <span class='ocrx_word' id='word_1_11' title='bbox 374 1543 419 1597; x_wconf 91' lang='lat' dir='ltr'><strong>est</strong></span> <span class='ocrx_word' id='word_1_12' title='bbox 442 1543 543 1596; x_wconf 90' lang='lat' dir='ltr'><strong>utrum</strong></span> <span class='ocrx_word' id='word_1_13' title='bbox 559 1534 649 1596; x_wconf 85' lang='lat' dir='ltr'><strong>tuerit</strong></span> <span class='ocrx_word' id='word_1_14' title='bbox 671 1535 701 1596; x_wconf 90' lang='lat' dir='ltr'><strong>in</strong></span> <span class='ocrx_word' id='word_1_15' title='bbox 718 1535 828 1596; x_wconf 90' lang='lat' dir='ltr'><strong>montis</strong></span> <span class='ocrx_word' id='word_1_16' title='bbox 843 1543 927 1616; x_wconf 90' lang='lat' dir='ltr'><strong>parte</strong></span> <span class='ocrx_word' id='word_1_17' title='bbox 943 1534 977 1595; x_wconf 91' lang='lat' dir='ltr'><strong>ad</strong></span> <span class='ocrx_word' id='word_1_18' title='bbox 995 1533 1146 1596; x_wconf 83' lang='lat' dir='ltr'><strong>meridiem</strong></span> <span class='ocrx_word' id='word_1_19' title='bbox 1163 1551 1302 1596; x_wconf 89' lang='lat' dir='ltr'><strong>conversa</strong></span> 
     </span>
     <span class='ocr_line' id='line_1_3' title="bbox 152 1633 1301 1716; baseline -0.003 -19"><span class='ocrx_word' id='word_1_20' title='bbox 152 1654 191 1697; x_wconf 94' lang='lat' dir='ltr'><strong>an</strong></span> <span class='ocrx_word' id='word_1_21' title='bbox 214 1635 246 1694; x_wconf 93' lang='lat' dir='ltr'><strong>in</strong></span> <span class='ocrx_word' id='word_1_22' title='bbox 270 1655 336 1696; x_wconf 91' lang='lat' dir='ltr'><strong>arce</strong></span> <span class='ocrx_word' id='word_1_23' title='bbox 359 1653 426 1696; x_wconf 89' lang='lat' dir='ltr'><strong>cum</strong></span> <span class='ocrx_word' id='word_1_24' title='bbox 450 1635 559 1695; x_wconf 89' lang='lat' dir='ltr'><strong>nostris</strong></span> <span class='ocrx_word' id='word_1_25' title='bbox 582 1633 768 1716; x_wconf 82' lang='lat' dir='ltr'><strong>temporibus</strong></span> <span class='ocrx_word' id='word_1_26' title='bbox 785 1633 985 1696; x_wconf 89' lang='lat' dir='ltr'><strong>controversia</strong></span> <span class='ocrx_word' id='word_1_27' title='bbox 1008 1633 1173 1714; x_wconf 90' lang='lat' dir='ltr'><strong>composita</strong></span> <span class='ocrx_word' id='word_1_28' title='bbox 1196 1633 1301 1706; x_wconf 82' lang='lat' dir='ltr'><strong>sitite,</strong></span> 
     </span>
     <span class='ocr_line' id='line_1_4' title="bbox 153 1715 1302 1814; baseline -0.003 -18"><span class='ocrx_word' id='word_1_29' title='bbox 153 1743 189 1796; x_wconf 89' lang='lat' dir='ltr'><strong>ut</strong></span> <span class='ocrx_word' id='word_1_30' title='bbox 210 1733 324 1796; x_wconf 87' lang='lat' dir='ltr'><strong>nemini</strong></span> <span class='ocrx_word' id='word_1_31' title='bbox 347 1733 467 1794; x_wconf 92' lang='lat' dir='ltr'><strong>dubium</strong></span> <span class='ocrx_word' id='word_1_32' title='bbox 491 1751 556 1794; x_wconf 90' lang='lat' dir='ltr'><strong>esse</strong></span> <span class='ocrx_word' id='word_1_33' title='bbox 578 1733 670 1812; x_wconf 83' lang='lat' dir='ltr'>possit</span> <span class='ocrx_word' id='word_1_34' title='bbox 692 1733 763 1813; x_wconf 93' lang='lat' dir='ltr'><strong>quin</strong></span> <span class='ocrx_word' id='word_1_35' title='bbox 787 1753 822 1795; x_wconf 91' lang='lat' dir='ltr'><strong>eo</strong></span> <span class='ocrx_word' id='word_1_36' title='bbox 838 1734 948 1796; x_wconf 92' lang='lat' dir='ltr'><strong>montis</strong></span> <span class='ocrx_word' id='word_1_37' title='bbox 970 1733 1034 1796; x_wconf 92' lang='lat' dir='ltr'><strong>loeo</strong></span> <span class='ocrx_word' id='word_1_38' title='bbox 1050 1731 1196 1814; x_wconf 88' lang='lat' dir='ltr'><strong>templum</strong></span> <span class='ocrx_word' id='word_1_39' title='bbox 1209 1715 1302 1794; x_wconf 64' lang='lat' dir='ltr'><strong>&#39;luerit</strong></span> 
     </span>
     <span class='ocr_line' id='line_1_5' title="bbox 153 1830 1303 1915; baseline -0.002 -21"><span class='ocrx_word' id='word_1_40' title='bbox 153 1833 205 1914; x_wconf 92' lang='lat' dir='ltr'><strong>qui</strong></span> <span class='ocrx_word' id='word_1_41' title='bbox 228 1831 382 1915; x_wconf 91' lang='lat' dir='ltr'><strong>proprium</strong></span> <span class='ocrx_word' id='word_1_42' title='bbox 407 1831 541 1910; x_wconf 91' lang='lat' dir='ltr'><strong>Capitolii</strong></span> <span class='ocrx_word' id='word_1_43' title='bbox 569 1849 680 1892; x_wconf 85' lang='lat' dir='ltr'><strong>nomen</strong></span> <span class='ocrx_word' id='word_1_44' title='bbox 710 1830 875 1908; x_wconf 84' lang='lat' dir='ltr'><strong>haberet¹)‚</strong></span> <span class='ocrx_word' id='word_1_45' title='bbox 907 1831 1164 1912; x_wconf 88' lang='lat' dir='ltr'><strong>operaepretium</strong></span> <span class='ocrx_word' id='word_1_46' title='bbox 1188 1830 1303 1893; x_wconf 86' lang='lat' dir='ltr'><strong>videtur</strong></span> 
     </span>
     <span class='ocr_line' id='line_1_6' title="bbox 154 1929 1299 2012; baseline -0.002 -18"><span class='ocrx_word' id='word_1_47' title='bbox 154 1953 221 1994; x_wconf 91' lang='lat' dir='ltr'><strong>esse</strong></span> <span class='ocrx_word' id='word_1_48' title='bbox 255 1931 419 1994; x_wconf 81' lang='lat' dir='ltr'><strong>accuratius</strong></span> <span class='ocrx_word' id='word_1_49' title='bbox 448 1931 625 2011; x_wconf 89' lang='lat' dir='ltr'><strong>perscrutari</strong></span> <span class='ocrx_word' id='word_1_50' title='bbox 654 1950 729 2012; x_wconf 92' lang='lat' dir='ltr'><strong>quae</strong></span> <span class='ocrx_word' id='word_1_51' title='bbox 758 1930 912 2012; x_wconf 86' lang='lat' dir='ltr'><strong>supersint</strong></span> <span class='ocrx_word' id='word_1_52' title='bbox 938 1930 1058 2010; x_wconf 89' lang='lat' dir='ltr'><strong>vestigia</strong></span> <span class='ocrx_word' id='word_1_53' title='bbox 1087 1929 1299 2012; x_wconf 87' lang='lat' dir='ltr'><strong>Capitoliorum</strong></span> 
     </span>
     <span class='ocr_line' id='line_1_7' title="bbox 153 2030 393 2094; baseline -0.013 0"><span class='ocrx_word' id='word_1_54' title='bbox 153 2031 233 2094; x_wconf 91' lang='lat' dir='ltr'><strong>orbis</strong></span> <span class='ocrx_word' id='word_1_55' title='bbox 257 2030 393 2093; x_wconf 84' lang='lat' dir='ltr'><strong>Romani.</strong></span> 
     </span>
    </p>

    <p class='ocr_par' dir='ltr' id='par_1_2' title="bbox 155 2125 1303 2504">
     <span class='ocr_line' id='line_1_8' title="bbox 241 2125 1301 2208; baseline -0.003 -17"><span class='ocrx_word' id='word_1_56' title='bbox 241 2129 326 2205; x_wconf 86' lang='lat' dir='ltr'><strong>Quod</strong></span> <span class='ocrx_word' id='word_1_57' title='bbox 356 2129 472 2208; x_wconf 84' lang='lat' dir='ltr'><strong>aggredi</strong></span> <span class='ocrx_word' id='word_1_58' title='bbox 502 2129 526 2190; x_wconf 91' lang='lat' dir='ltr'><strong>si</strong></span> <span class='ocrx_word' id='word_1_59' title='bbox 560 2129 653 2192; x_wconf 90' lang='lat' dir='ltr'><strong>audeo</strong></span> <span class='ocrx_word' id='word_1_60' title='bbox 683 2129 812 2208; x_wconf 91' lang='lat' dir='ltr'><strong>primum</strong></span> <span class='ocrx_word' id='word_1_61' title='bbox 841 2127 926 2190; x_wconf 89' lang='lat' dir='ltr'><strong>venia</strong></span> <span class='ocrx_word' id='word_1_62' title='bbox 961 2126 1031 2188; x_wconf 90' lang='lat' dir='ltr'><strong>mihi</strong></span> <span class='ocrx_word' id='word_1_63' title='bbox 1064 2125 1190 2207; x_wconf 89' lang='lat' dir='ltr'><strong>petenda</strong></span> <span class='ocrx_word' id='word_1_64' title='bbox 1222 2127 1301 2206; x_wconf 91' lang='lat' dir='ltr'><strong>quod</strong></span> 
     </span>
     <span class='ocr_line' id='line_1_9' title="bbox 156 2225 1302 2306; baseline -0.004 -15"><span class='ocrx_word' id='word_1_65' title='bbox 156 2232 285 2291; x_wconf 87' lang='lat' dir='ltr'><strong>sortasse</strong></span> <span class='ocrx_word' id='word_1_66' title='bbox 313 2227 411 2288; x_wconf 90' lang='lat' dir='ltr'><strong>minus</strong></span> <span class='ocrx_word' id='word_1_67' title='bbox 441 2226 617 2306; x_wconf 84' lang='lat' dir='ltr'><strong>praestitero</strong></span> <span class='ocrx_word' id='word_1_68' title='bbox 648 2245 735 2306; x_wconf 93' lang='lat' dir='ltr'><strong>quam</strong></span> <span class='ocrx_word' id='word_1_69' title='bbox 768 2226 819 2305; x_wconf 93' lang='lat' dir='ltr'><strong>qui</strong></span> <span class='ocrx_word' id='word_1_70' title='bbox 848 2227 946 2306; x_wconf 88' lang='lat' dir='ltr'><strong>legent</strong></span> <span class='ocrx_word' id='word_1_71' title='bbox 973 2225 1194 2306; x_wconf 84' lang='lat' dir='ltr'><strong>exspectabunt.</strong></span> <span class='ocrx_word' id='word_1_72' title='bbox 1244 2225 1302 2286; x_wconf 86' lang='lat' dir='ltr'><strong>Res</strong></span> 
     </span>
     <span class='ocr_line' id='line_1_10' title="bbox 157 2323 1303 2406; baseline -0.003 -17"><span class='ocrx_word' id='word_1_73' title='bbox 157 2327 236 2390; x_wconf 88' lang='lat' dir='ltr'><strong>enim</strong></span> <span class='ocrx_word' id='word_1_74' title='bbox 259 2323 488 2406; x_wconf 90' lang='lat' dir='ltr'><strong>topographicae</strong></span> <span class='ocrx_word' id='word_1_75' title='bbox 516 2343 583 2385; x_wconf 90' lang='lat' dir='ltr'><strong>eum</strong></span> <span class='ocrx_word' id='word_1_76' title='bbox 615 2323 724 2404; x_wconf 91' lang='lat' dir='ltr'><strong>ubique</strong></span> <span class='ocrx_word' id='word_1_77' title='bbox 752 2324 817 2386; x_wconf 87' lang='lat' dir='ltr'><strong>lere</strong></span> <span class='ocrx_word' id='word_1_78' title='bbox 845 2325 995 2404; x_wconf 88' lang='lat' dir='ltr'><strong>pendeant</strong></span> <span class='ocrx_word' id='word_1_79' title='bbox 1022 2343 1057 2384; x_wconf 83' lang='lat' dir='ltr'><strong>ex</strong></span> <span class='ocrx_word' id='word_1_80' title='bbox 1084 2323 1303 2398; x_wconf 82' lang='lat' dir='ltr'><strong>effossionibus,</strong></span> 
     </span>
     <span class='ocr_line' id='line_1_11' title="bbox 155 2421 1303 2504; baseline -0.003 -16"><span class='ocrx_word' id='word_1_81' title='bbox 155 2434 190 2488; x_wconf 94' lang='lat' dir='ltr'><strong>ut</strong></span> <span class='ocrx_word' id='word_1_82' title='bbox 209 2426 250 2487; x_wconf 89' lang='lat' dir='ltr'><strong>-ita</strong></span> <span class='ocrx_word' id='word_1_83' title='bbox 274 2425 378 2496; x_wconf 87' lang='lat' dir='ltr'><strong>dicam,</strong></span> <span class='ocrx_word' id='word_1_84' title='bbox 401 2421 593 2484; x_wconf 88' lang='lat' dir='ltr'><strong>instituendis</strong></span> <span class='ocrx_word' id='word_1_85' title='bbox 616 2441 713 2504; x_wconf 87' lang='lat' dir='ltr'><strong>neque</strong></span> <span class='ocrx_word' id='word_1_86' title='bbox 735 2423 953 2504; x_wconf 86' lang='lat' dir='ltr'><strong>provinciarum</strong></span> <span class='ocrx_word' id='word_1_87' title='bbox 976 2422 1184 2502; x_wconf 87' lang='lat' dir='ltr'><strong>antiquitatum</strong></span> <span class='ocrx_word' id='word_1_88' title='bbox 1208 2441 1303 2504; x_wconf 93' lang='lat' dir='ltr'><strong>usque</strong></span> 
     </span>
    </p>
   </div>
   <div class='ocr_carea' id='block_1_2' title="bbox 63 2520 1303 2603">
    <p class='ocr_par' dir='ltr' id='par_1_3' title="bbox 63 2520 1303 2603">
     <span class='ocr_line' id='line_1_12' title="bbox 63 2520 1303 2603; baseline -0.003 -16"><span class='ocrx_word' id='word_1_89' title='bbox 63 2521 66 2525; x_wconf 77' lang='grc'><strong>’</strong></span> <span class='ocrx_word' id='word_1_90' title='bbox 156 2525 191 2587; x_wconf 92' lang='lat' dir='ltr'><strong>ad</strong></span> <span class='ocrx_word' id='word_1_91' title='bbox 216 2532 317 2586; x_wconf 91' lang='lat' dir='ltr'><strong>nostra</strong></span> <span class='ocrx_word' id='word_1_92' title='bbox 334 2531 468 2603; x_wconf 88' lang='lat' dir='ltr'><strong>tempora</strong></span> <span class='ocrx_word' id='word_1_93' title='bbox 490 2543 506 2584; x_wconf 91' lang='lat' dir='ltr'><strong>a</strong></span> <span class='ocrx_word' id='word_1_94' title='bbox 529 2521 598 2584; x_wconf 87' lang='lat' dir='ltr'><strong>viris</strong></span> <span class='ocrx_word' id='word_1_95' title='bbox 622 2522 715 2584; x_wconf 89' lang='lat' dir='ltr'><strong>doctis</strong></span> <span class='ocrx_word' id='word_1_96' title='bbox 739 2541 771 2584; x_wconf 90' lang='lat' dir='ltr'><strong>ea</strong></span> <span class='ocrx_word' id='word_1_97' title='bbox 795 2541 851 2602; x_wconf 92' lang='lat' dir='ltr'><strong>qua</strong></span> <span class='ocrx_word' id='word_1_98' title='bbox 875 2541 950 2602; x_wconf 91' lang='lat' dir='ltr'><strong>opus</strong></span> <span class='ocrx_word' id='word_1_99' title='bbox 974 2529 1018 2583; x_wconf 91' lang='lat' dir='ltr'><strong>est</strong></span> <span class='ocrx_word' id='word_1_100' title='bbox 1040 2521 1115 2583; x_wconf 91' lang='lat' dir='ltr'><strong>ratio</strong></span> <span class='ocrx_word' id='word_1_101' title='bbox 1133 2520 1231 2583; x_wconf 91' lang='lat' dir='ltr'><strong>hahita</strong></span> <span class='ocrx_word' id='word_1_102' title='bbox 1254 2523 1303 2593; x_wconf 89' lang='lat' dir='ltr'><strong>sit,</strong></span> 
     </span>
    </p>
   </div>
   <div class='ocr_carea' id='block_1_3' title="bbox 154 2621 1306 4286">
    <p class='ocr_par' dir='ltr' id='par_1_4' title="bbox 154 2621 1305 3297">
     <span class='ocr_line' id='line_1_13' title="bbox 154 2621 1303 2705; baseline -0.003 -19"><span class='ocrx_word' id='word_1_103' title='bbox 154 2625 271 2705; x_wconf 89' lang='lat' dir='ltr'><strong>saepius</strong></span> <span class='ocrx_word' id='word_1_104' title='bbox 294 2631 327 2686; x_wconf 94' lang='lat' dir='ltr'><strong>ut</strong></span> <span class='ocrx_word' id='word_1_105' title='bbox 349 2623 384 2684; x_wconf 95' lang='lat' dir='ltr'><strong>ad</strong></span> <span class='ocrx_word' id='word_1_106' title='bbox 414 2633 528 2684; x_wconf 90' lang='lat' dir='ltr'><strong>certum</strong></span> <span class='ocrx_word' id='word_1_107' title='bbox 553 2621 693 2684; x_wconf 87' lang='lat' dir='ltr'><strong>iudicium</strong></span> <span class='ocrx_word' id='word_1_108' title='bbox 723 2641 842 2684; x_wconf 90' lang='lat' dir='ltr'><strong>vocarer</strong></span> <span class='ocrx_word' id='word_1_109' title='bbox 868 2621 931 2683; x_wconf 88' lang='lat' dir='ltr'><strong>lieri</strong></span> <span class='ocrx_word' id='word_1_110' title='bbox 963 2639 1024 2682; x_wconf 90' lang='lat' dir='ltr'><strong>non</strong></span> <span class='ocrx_word' id='word_1_111' title='bbox 1054 2621 1185 2702; x_wconf 90' lang='lat' dir='ltr'><strong>potuisse</strong></span> <span class='ocrx_word' id='word_1_112' title='bbox 1213 2639 1303 2682; x_wconf 92' lang='lat' dir='ltr'><strong>nemo</strong></span> 
     </span>
     <span class='ocr_line' id='line_1_14' title="bbox 157 2721 1304 2802; baseline 0 -18"><span class='ocrx_word' id='word_1_113' title='bbox 157 2742 220 2784; x_wconf 93' lang='lat' dir='ltr'><strong>non</strong></span> <span class='ocrx_word' id='word_1_114' title='bbox 244 2721 316 2783; x_wconf 93' lang='lat' dir='ltr'><strong>mihi</strong></span> <span class='ocrx_word' id='word_1_115' title='bbox 339 2723 489 2784; x_wconf 88' lang='lat' dir='ltr'><strong>concedet.</strong></span> <span class='ocrx_word' id='word_1_116' title='bbox 535 2721 632 2784; x_wconf 91' lang='lat' dir='ltr'><strong>Nihilo</strong></span> <span class='ocrx_word' id='word_1_117' title='bbox 665 2723 756 2784; x_wconf 88' lang='lat' dir='ltr'><strong>setius</strong></span> <span class='ocrx_word' id='word_1_118' title='bbox 785 2721 991 2802; x_wconf 89' lang='lat' dir='ltr'><strong>quaestionem</strong></span> <span class='ocrx_word' id='word_1_119' title='bbox 1023 2721 1140 2802; x_wconf 83' lang='lat' dir='ltr'><strong>suscepi</strong></span> <span class='ocrx_word' id='word_1_120' title='bbox 1163 2721 1304 2784; x_wconf 88' lang='lat' dir='ltr'><strong>suadente</strong></span> 
     </span>
     <span class='ocr_line' id='line_1_15' title="bbox 156 2819 1304 2902; baseline 0 -20"><span class='ocrx_word' id='word_1_121' title='bbox 156 2821 191 2884; x_wconf 90' lang='lat' dir='ltr'><strong>H.</strong></span> <span class='ocrx_word' id='word_1_122' title='bbox 215 2821 344 2883; x_wconf 89' lang='lat' dir='ltr'><strong>Jordano</strong></span> <span class='ocrx_word' id='word_1_123' title='bbox 368 2819 418 2901; x_wconf 93' lang='lat' dir='ltr'><strong>qui</strong></span> <span class='ocrx_word' id='word_1_124' title='bbox 442 2829 560 2901; x_wconf 89' lang='lat' dir='ltr'><strong>quaest</strong></span> <span class='ocrx_word' id='word_1_125' title='bbox 582 2839 700 2902; x_wconf 87' lang='lat' dir='ltr'><strong>semper</strong></span> <span class='ocrx_word' id='word_1_126' title='bbox 722 2821 861 2884; x_wconf 88' lang='lat' dir='ltr'><strong>comitate</strong></span> <span class='ocrx_word' id='word_1_127' title='bbox 884 2830 913 2882; x_wconf 91' lang='lat' dir='ltr'><strong>et</strong></span> <span class='ocrx_word' id='word_1_128' title='bbox 935 2821 1121 2882; x_wconf 90' lang='lat' dir='ltr'><strong>humanitate</strong></span> <span class='ocrx_word' id='word_1_129' title='bbox 1143 2820 1174 2880; x_wconf 91' lang='lat' dir='ltr'><strong>in</strong></span> <span class='ocrx_word' id='word_1_130' title='bbox 1198 2819 1304 2882; x_wconf 89' lang='lat' dir='ltr'><strong>studiis</strong></span> 
     </span>
     <span class='ocr_line' id='line_1_16' title="bbox 157 2918 1304 3001; baseline -0.002 -19"><span class='ocrx_word' id='word_1_131' title='bbox 157 2921 371 3001; x_wconf 89' lang='lat' dir='ltr'><strong>discipulorum</strong></span> <span class='ocrx_word' id='word_1_132' title='bbox 395 2920 567 2982; x_wconf 88' lang='lat' dir='ltr'><strong>adiuvandis</strong></span> <span class='ocrx_word' id='word_1_133' title='bbox 591 2939 652 2982; x_wconf 91' lang='lat' dir='ltr'><strong>non</strong></span> <span class='ocrx_word' id='word_1_134' title='bbox 675 2921 770 2990; x_wconf 90' lang='lat' dir='ltr'><strong>solum</strong></span> <span class='ocrx_word' id='word_1_135' title='bbox 795 2939 857 2982; x_wconf 90' lang='lat' dir='ltr'><strong>mea</strong></span> <span class='ocrx_word' id='word_1_136' title='bbox 881 2939 967 2981; x_wconf 92' lang='lat' dir='ltr'><strong>causa</strong></span> <span class='ocrx_word' id='word_1_137' title='bbox 984 2920 1062 2980; x_wconf 90' lang='lat' dir='ltr'><strong>viros</strong></span> <span class='ocrx_word' id='word_1_138' title='bbox 1079 2919 1183 2980; x_wconf 89' lang='lat' dir='ltr'><strong>doctos</strong></span> <span class='ocrx_word' id='word_1_139' title='bbox 1199 2918 1304 2980; x_wconf 88' lang='lat' dir='ltr'><strong>litteris</strong></span> 
     </span>
     <span class='ocr_line' id='line_1_17' title="bbox 156 3018 1304 3100; baseline -0.003 -18"><span class='ocrx_word' id='word_1_140' title='bbox 156 3021 227 3082; x_wconf 93' lang='lat' dir='ltr'><strong>adiit</strong></span> <span class='ocrx_word' id='word_1_141' title='bbox 250 3028 284 3081; x_wconf 96' lang='lat' dir='ltr'><strong>ut</strong></span> <span class='ocrx_word' id='word_1_142' title='bbox 306 3019 356 3080; x_wconf 82' lang='lat' dir='ltr'><strong>arbi</strong></span> <span class='ocrx_word' id='word_1_143' title='bbox 378 3019 478 3100; x_wconf 91' lang='lat' dir='ltr'><strong>iuopia</strong></span> <span class='ocrx_word' id='word_1_144' title='bbox 502 3019 717 3100; x_wconf 89' lang='lat' dir='ltr'><strong>praesidiorum</strong></span> <span class='ocrx_word' id='word_1_145' title='bbox 735 3019 951 3080; x_wconf 88' lang='lat' dir='ltr'><strong>haesitaremus</strong></span> <span class='ocrx_word' id='word_1_146' title='bbox 974 3019 1010 3078; x_wconf 93' lang='lat' dir='ltr'><strong>de</strong></span> <span class='ocrx_word' id='word_1_147' title='bbox 1033 3019 1068 3080; x_wconf 93' lang='lat' dir='ltr'><strong>iis</strong></span> <span class='ocrx_word' id='word_1_148' title='bbox 1092 3038 1146 3080; x_wconf 90' lang='lat' dir='ltr'><strong>nos</strong></span> <span class='ocrx_word' id='word_1_149' title='bbox 1163 3018 1304 3082; x_wconf 87' lang='lat' dir='ltr'><strong>certiores</strong></span> 
     </span>
     <span class='ocr_line' id='line_1_18' title="bbox 156 3116 1305 3199; baseline -0.003 -19"><span class='ocrx_word' id='word_1_150' title='bbox 156 3123 288 3182; x_wconf 85' lang='lat' dir='ltr'><strong>lacerent</strong></span> <span class='ocrx_word' id='word_1_151' title='bbox 318 3117 370 3179; x_wconf 91' lang='lat' dir='ltr'><strong>sed</strong></span> <span class='ocrx_word' id='word_1_152' title='bbox 398 3117 462 3198; x_wconf 89' lang='lat' dir='ltr'><strong>ipse</strong></span> <span class='ocrx_word' id='word_1_153' title='bbox 490 3118 581 3180; x_wconf 90' lang='lat' dir='ltr'><strong>libros</strong></span> <span class='ocrx_word' id='word_1_154' title='bbox 609 3138 685 3199; x_wconf 91' lang='lat' dir='ltr'><strong>quos</strong></span> <span class='ocrx_word' id='word_1_155' title='bbox 717 3127 817 3180; x_wconf 91' lang='lat' dir='ltr'><strong>nostra</strong></span> <span class='ocrx_word' id='word_1_156' title='bbox 848 3118 880 3180; x_wconf 90' lang='lat' dir='ltr'><strong>iu</strong></span> <span class='ocrx_word' id='word_1_157' title='bbox 912 3116 1088 3180; x_wconf 90' lang='lat' dir='ltr'><strong>hihliotheca</strong></span> <span class='ocrx_word' id='word_1_158' title='bbox 1120 3116 1206 3180; x_wconf 91' lang='lat' dir='ltr'><strong>nabis</strong></span> <span class='ocrx_word' id='word_1_159' title='bbox 1243 3133 1305 3177; x_wconf 91' lang='lat' dir='ltr'><strong>non</strong></span> 
     </span>
     <span class='ocr_line' id='line_1_19' title="bbox 157 3216 837 3297; baseline -0.001 -18"><span class='ocrx_word' id='word_1_160' title='bbox 157 3217 241 3280; x_wconf 91' lang='lat' dir='ltr'><strong>licuit</strong></span> <span class='ocrx_word' id='word_1_161' title='bbox 263 3236 331 3280; x_wconf 90' lang='lat' dir='ltr'><strong>eum</strong></span> <span class='ocrx_word' id='word_1_162' title='bbox 353 3217 483 3278; x_wconf 89' lang='lat' dir='ltr'><strong>Berolini</strong></span> <span class='ocrx_word' id='word_1_163' title='bbox 506 3226 675 3280; x_wconf 88' lang='lat' dir='ltr'><strong>versaretur</strong></span> <span class='ocrx_word' id='word_1_164' title='bbox 697 3216 837 3297; x_wconf 85' lang='lat' dir='ltr'><strong>inspexit.</strong></span> 
     </span>
    </p>

    <p class='ocr_par' dir='ltr' id='par_1_5' title="bbox 157 3312 1306 3891">
     <span class='ocr_line' id='line_1_20' title="bbox 243 3312 1303 3403; baseline -0.004 -27"><span class='ocrx_word' id='word_1_165' title='bbox 243 3315 305 3378; x_wconf 84' lang='lat' dir='ltr'><strong>Tali</strong></span> <span class='ocrx_word' id='word_1_166' title='bbox 328 3316 418 3396; x_wconf 92' lang='lat' dir='ltr'><strong>igitur</strong></span> <span class='ocrx_word' id='word_1_167' title='bbox 440 3316 545 3378; x_wconf 86' lang='lat' dir='ltr'><strong>auxilio</strong></span> <span class='ocrx_word' id='word_1_168' title='bbox 568 3335 641 3378; x_wconf 90' lang='lat' dir='ltr'><strong>usus</strong></span> <span class='ocrx_word' id='word_1_169' title='bbox 665 3316 871 3398; x_wconf 90' lang='lat' dir='ltr'><strong>quaestionem</strong></span> <span class='ocrx_word' id='word_1_170' title='bbox 899 3314 939 3376; x_wconf 92' lang='lat' dir='ltr'><strong>ita</strong></span> <span class='ocrx_word' id='word_1_171' title='bbox 969 3314 1085 3374; x_wconf 85' lang='lat' dir='ltr'><strong>auxisse</strong></span> <span class='ocrx_word' id='word_1_172' title='bbox 1108 3312 1179 3376; x_wconf 91' lang='lat' dir='ltr'><strong>mihi</strong></span> <span class='ocrx_word' id='word_1_173' title='bbox 1202 3313 1303 3403; x_wconf 80' lang='lat' dir='ltr'><strong>videor</strong></span> 
     </span>
     <span class='ocr_line' id='line_1_21' title="bbox 157 3411 1305 3496; baseline -0.005 -18"><span class='ocrx_word' id='word_1_174' title='bbox 157 3425 188 3478; x_wconf 93' lang='lat' dir='ltr'><strong>ut</strong></span> <span class='ocrx_word' id='word_1_175' title='bbox 212 3415 422 3496; x_wconf 83' lang='lat' dir='ltr'><strong>Capitoliorum</strong></span> <span class='ocrx_word' id='word_1_176' title='bbox 445 3416 587 3477; x_wconf 91' lang='lat' dir='ltr'><strong>maiorem</strong></span> <span class='ocrx_word' id='word_1_177' title='bbox 612 3434 700 3496; x_wconf 92' lang='lat' dir='ltr'><strong>quam</strong></span> <span class='ocrx_word' id='word_1_178' title='bbox 725 3423 810 3476; x_wconf 92' lang='lat' dir='ltr'><strong>antea</strong></span> <span class='ocrx_word' id='word_1_179' title='bbox 838 3418 947 3476; x_wconf 87' lang='lat' dir='ltr'><strong>lactum</strong></span> <span class='ocrx_word' id='word_1_180' title='bbox 980 3421 1044 3474; x_wconf 90' lang='lat' dir='ltr'><strong>erat</strong></span> <span class='ocrx_word' id='word_1_181' title='bbox 1073 3429 1232 3474; x_wconf 92' lang='lat' dir='ltr'><strong>numerum</strong></span> <span class='ocrx_word' id='word_1_182' title='bbox 1256 3411 1305 3472; x_wconf 92' lang='lat' dir='ltr'><strong>in-</strong></span> 
     </span>
     <span class='ocr_line' id='line_1_22' title="bbox 158 3509 1305 3595; baseline -0.006 -18"><span class='ocrx_word' id='word_1_183' title='bbox 158 3514 332 3593; x_wconf 78' lang='lat' dir='ltr'><strong>vestigarem</strong></span> <span class='ocrx_word' id='word_1_184' title='bbox 363 3517 638 3595; x_wconf 90' lang='lat' dir='ltr'><strong>nonnullorumque</strong></span> <span class='ocrx_word' id='word_1_185' title='bbox 668 3514 790 3594; x_wconf 85' lang='lat' dir='ltr'><strong>vestigia</strong></span> <span class='ocrx_word' id='word_1_186' title='bbox 820 3512 904 3574; x_wconf 92' lang='lat' dir='ltr'><strong>novis</strong></span> <span class='ocrx_word' id='word_1_187' title='bbox 932 3511 1113 3573; x_wconf 88' lang='lat' dir='ltr'><strong>testimoniis</strong></span> <span class='ocrx_word' id='word_1_188' title='bbox 1147 3509 1305 3572; x_wconf 80' lang='lat' dir='ltr'><strong>afferendis</strong></span> 
     </span>
     <span class='ocr_line' id='line_1_23' title="bbox 157 3609 1306 3694; baseline -0.004 -20"><span class='ocrx_word' id='word_1_189' title='bbox 157 3613 316 3674; x_wconf 85' lang='lat' dir='ltr'><strong>firmarem.</strong></span> <span class='ocrx_word' id='word_1_190' title='bbox 362 3611 564 3692; x_wconf 69' lang='lat' dir='ltr'><strong>Licet&#39;igitur</strong></span> <span class='ocrx_word' id='word_1_191' title='bbox 591 3631 651 3674; x_wconf 93' lang='lat' dir='ltr'><strong>non</strong></span> <span class='ocrx_word' id='word_1_192' title='bbox 679 3615 762 3694; x_wconf 90' lang='lat' dir='ltr'><strong>plane</strong></span> <span class='ocrx_word' id='word_1_193' title='bbox 790 3612 999 3690; x_wconf 89' lang='lat' dir='ltr'><strong>cumulateque</strong></span> <span class='ocrx_word' id='word_1_194' title='bbox 1029 3610 1125 3671; x_wconf 92' lang='lat' dir='ltr'><strong>soluta</strong></span> <span class='ocrx_word' id='word_1_195' title='bbox 1149 3609 1196 3680; x_wconf 89' lang='lat' dir='ltr'><strong>sit,</strong></span> <span class='ocrx_word' id='word_1_196' title='bbox 1226 3619 1306 3670; x_wconf 89' lang='lat' dir='ltr'><strong>certe</strong></span> 
     </span>
     <span class='ocr_line' id='line_1_24' title="bbox 157 3708 1304 3792; baseline -0.005 -18"><span class='ocrx_word' id='word_1_197' title='bbox 157 3722 295 3792; x_wconf 90' lang='lat' dir='ltr'><strong>provecta</strong></span> <span class='ocrx_word' id='word_1_198' title='bbox 319 3719 364 3774; x_wconf 92' lang='lat' dir='ltr'><strong>est</strong></span> <span class='ocrx_word' id='word_1_199' title='bbox 387 3712 437 3781; x_wconf 91' lang='lat' dir='ltr'><strong>ita,</strong></span> <span class='ocrx_word' id='word_1_200' title='bbox 468 3721 500 3773; x_wconf 90' lang='lat' dir='ltr'><strong>ut</strong></span> <span class='ocrx_word' id='word_1_201' title='bbox 522 3713 558 3774; x_wconf 95' lang='lat' dir='ltr'><strong>de</strong></span> <span class='ocrx_word' id='word_1_202' title='bbox 576 3712 688 3792; x_wconf 92' lang='lat' dir='ltr'><strong>origine</strong></span> <span class='ocrx_word' id='word_1_203' title='bbox 712 3710 922 3791; x_wconf 83' lang='lat' dir='ltr'><strong>Capitoliorum</strong></span> <span class='ocrx_word' id='word_1_204' title='bbox 944 3708 1169 3790; x_wconf 86' lang='lat' dir='ltr'><strong>provincialium</strong></span> <span class='ocrx_word' id='word_1_205' title='bbox 1190 3716 1304 3769; x_wconf 90' lang='lat' dir='ltr'><strong>certum</strong></span> 
     </span>
     <span class='ocr_line' id='line_1_25' title="bbox 158 3809 516 3891; baseline 0 -20"><span class='ocrx_word' id='word_1_206' title='bbox 158 3809 297 3872; x_wconf 91' lang='lat' dir='ltr'><strong>iudicium</strong></span> <span class='ocrx_word' id='word_1_207' title='bbox 320 3811 391 3873; x_wconf 80' lang='lat' dir='ltr'><strong>terri</strong></span> <span class='ocrx_word' id='word_1_208' title='bbox 413 3811 516 3891; x_wconf 89' lang='lat' dir='ltr'><strong>possit.</strong></span> 
     </span>
    </p>

    <p class='ocr_par' dir='ltr' id='par_1_6' title="bbox 159 3903 1306 4286">
     <span class='ocr_line' id='line_1_26' title="bbox 244 3903 1306 3990; baseline -0.006 -20"><span class='ocrx_word' id='word_1_209' title='bbox 244 3909 301 3970; x_wconf 90' lang='lat' dir='ltr'><strong>Sed</strong></span> <span class='ocrx_word' id='word_1_210' title='bbox 332 3916 492 3989; x_wconf 85' lang='lat' dir='ltr'><strong>antequam</strong></span> <span class='ocrx_word' id='word_1_211' title='bbox 521 3909 618 3989; x_wconf 88' lang='lat' dir='ltr'><strong>ipsum</strong></span> <span class='ocrx_word' id='word_1_212' title='bbox 650 3918 858 3990; x_wconf 82' lang='lat' dir='ltr'><strong>argumentum</strong></span> <span class='ocrx_word' id='word_1_213' title='bbox 893 3924 1054 3986; x_wconf 87' lang='lat' dir='ltr'><strong>persequar</strong></span> <span class='ocrx_word' id='word_1_214' title='bbox 1086 3903 1161 3966; x_wconf 92' lang='lat' dir='ltr'><strong>ratio</strong></span> <span class='ocrx_word' id='word_1_215' title='bbox 1191 3903 1306 3966; x_wconf 89' lang='lat' dir='ltr'><strong>videtur</strong></span> 
     </span>
     <span class='ocr_line' id='line_1_27' title="bbox 161 4003 1304 4088; baseline -0.003 -21"><span class='ocrx_word' id='word_1_216' title='bbox 161 4007 308 4088; x_wconf 89' lang='lat' dir='ltr'><strong>postulare</strong></span> <span class='ocrx_word' id='word_1_217' title='bbox 330 4016 365 4069; x_wconf 92' lang='lat' dir='ltr'><strong>ut</strong></span> <span class='ocrx_word' id='word_1_218' title='bbox 387 4008 494 4088; x_wconf 92' lang='lat' dir='ltr'><strong>quibus</strong></span> <span class='ocrx_word' id='word_1_219' title='bbox 516 4008 671 4088; x_wconf 89' lang='lat' dir='ltr'><strong>praesidiis</strong></span> <span class='ocrx_word' id='word_1_220' title='bbox 689 4009 769 4070; x_wconf 92' lang='lat' dir='ltr'><strong>nisus</strong></span> <span class='ocrx_word' id='word_1_221' title='bbox 785 4008 819 4069; x_wconf 94' lang='lat' dir='ltr'><strong>ad</strong></span> <span class='ocrx_word' id='word_1_222' title='bbox 836 4025 899 4067; x_wconf 91' lang='lat' dir='ltr'><strong>rem</strong></span> <span class='ocrx_word' id='word_1_223' title='bbox 917 4004 1115 4086; x_wconf 77' lang='lat' dir='ltr'><strong>explicandam</strong></span> <span class='ocrx_word' id='word_1_224' title='bbox 1133 4003 1304 4066; x_wconf 90' lang='lat' dir='ltr'><strong>accesserim</strong></span> 
     </span>
     <span class='ocr_line' id='line_1_28' title="bbox 160 4101 1302 4187; baseline -0.004 -21"><span class='ocrx_word' id='word_1_225' title='bbox 160 4103 270 4186; x_wconf 89' lang='lat' dir='ltr'><strong>quique</strong></span> <span class='ocrx_word' id='word_1_226' title='bbox 293 4114 361 4166; x_wconf 91' lang='lat' dir='ltr'><strong>ante</strong></span> <span class='ocrx_word' id='word_1_227' title='bbox 383 4125 438 4168; x_wconf 93' lang='lat' dir='ltr'><strong>nos</strong></span> <span class='ocrx_word' id='word_1_228' title='bbox 462 4107 564 4168; x_wconf 86' lang='lat' dir='ltr'><strong>eadem</strong></span> <span class='ocrx_word' id='word_1_229' title='bbox 586 4107 617 4168; x_wconf 91' lang='lat' dir='ltr'><strong>in</strong></span> <span class='ocrx_word' id='word_1_230' title='bbox 633 4107 807 4187; x_wconf 89' lang='lat' dir='ltr'><strong>quaestione</strong></span> <span class='ocrx_word' id='word_1_231' title='bbox 823 4103 930 4166; x_wconf 85' lang='lat' dir='ltr'><strong>versati</strong></span> <span class='ocrx_word' id='word_1_232' title='bbox 952 4102 1012 4164; x_wconf 89' lang='lat' dir='ltr'><strong>sint</strong></span> <span class='ocrx_word' id='word_1_233' title='bbox 1028 4101 1130 4181; x_wconf 90' lang='lat' dir='ltr'><strong>paucis</strong></span> <span class='ocrx_word' id='word_1_234' title='bbox 1147 4119 1302 4182; x_wconf 84' lang='lat' dir='ltr'><strong>exponam.</strong></span> 
     </span>
     <span class='ocr_line' id='line_1_29' title="bbox 159 4201 1306 4286; baseline -0.004 -21"><span class='ocrx_word' id='word_1_235' title='bbox 159 4204 261 4285; x_wconf 90' lang='lat' dir='ltr'><strong>Neque</strong></span> <span class='ocrx_word' id='word_1_236' title='bbox 292 4206 436 4286; x_wconf 90' lang='lat' dir='ltr'><strong>quaedam</strong></span> <span class='ocrx_word' id='word_1_237' title='bbox 467 4206 585 4284; x_wconf 92' lang='lat' dir='ltr'><strong>indigna</strong></span> <span class='ocrx_word' id='word_1_238' title='bbox 612 4216 683 4268; x_wconf 92' lang='lat' dir='ltr'><strong>sunt</strong></span> <span class='ocrx_word' id='word_1_239' title='bbox 711 4223 785 4285; x_wconf 90' lang='lat' dir='ltr'><strong>quae</strong></span> <span class='ocrx_word' id='word_1_240' title='bbox 819 4201 1003 4284; x_wconf 91' lang='lat' dir='ltr'><strong>proludendo</strong></span> <span class='ocrx_word' id='word_1_241' title='bbox 1031 4208 1306 4263; x_wconf 89' lang='lat' dir='ltr'><strong>commemorentur</strong></span> 
     </span>
    </p>
   </div>
   <div class='ocr_carea' id='block_1_4' title="bbox 160 4401 1306 4558">
    <p class='ocr_par' dir='ltr' id='par_1_7' title="bbox 160 4401 1306 4558">
     <span class='ocr_line' id='line_1_30' title="bbox 230 4401 1306 4476; baseline -0.008 -13"><span class='ocrx_word' id='word_1_242' title='bbox 230 4408 249 4474; x_wconf 83' lang='lat'><strong>¹)</strong></span> <span class='ocrx_word' id='word_1_243' title='bbox 266 4409 308 4462; x_wconf 83' lang='lat' dir='ltr'><strong>vd.</strong></span> <span class='ocrx_word' id='word_1_244' title='bbox 328 4411 357 4462; x_wconf 87' lang='lat' dir='ltr'><strong>H.</strong></span> <span class='ocrx_word' id='word_1_245' title='bbox 375 4409 481 4462; x_wconf 88' lang='lat' dir='ltr'><strong>Jordani</strong></span> <span class='ocrx_word' id='word_1_246' title='bbox 499 4410 573 4476; x_wconf 88' lang='lat' dir='ltr'><strong>epist.</strong></span> <span class='ocrx_word' id='word_1_247' title='bbox 593 4411 623 4460; x_wconf 87' lang='lat' dir='ltr'><strong>ad</strong></span> <span class='ocrx_word' id='word_1_248' title='bbox 642 4401 798 4460; x_wconf 84' lang='lat' dir='ltr'><strong>Laneiaema</strong></span> <span class='ocrx_word' id='word_1_249' title='bbox 816 4406 949 4458; x_wconf 85' lang='lat' dir='ltr'><strong>annalibus</strong></span> <span class='ocrx_word' id='word_1_250' title='bbox 973 4405 1033 4455; x_wconf 89' lang='lat' dir='ltr'><strong>inst.</strong></span> <span class='ocrx_word' id='word_1_251' title='bbox 1053 4403 1121 4454; x_wconf 87' lang='lat' dir='ltr'><strong>arch.</strong></span> <span class='ocrx_word' id='word_1_252' title='bbox 1140 4419 1163 4454; x_wconf 81' lang='lat' dir='ltr'><strong>a.</strong></span> <span class='ocrx_word' id='word_1_253' title='bbox 1183 4403 1248 4454; x_wconf 80' lang='lat'>1876</span> <span class='ocrx_word' id='word_1_254' title='bbox 1267 4403 1306 4454; x_wconf 91' lang='lat' dir='ltr'><strong>iu·</strong></span> 
     </span>
     <span class='ocr_line' id='line_1_31' title="bbox 160 4487 1013 4558; baseline -0.011 -14"><span class='ocrx_word' id='word_1_255' title='bbox 160 4499 255 4544; x_wconf 84' lang='lat' dir='ltr'><strong>sertam</strong></span> <span class='ocrx_word' id='word_1_256' title='bbox 274 4508 320 4545; x_wconf 87' lang='lat' dir='ltr'><strong>nee</strong></span> <span class='ocrx_word' id='word_1_257' title='bbox 339 4508 389 4543; x_wconf 87' lang='lat' dir='ltr'><strong>nen</strong></span> <span class='ocrx_word' id='word_1_258' title='bbox 407 4491 516 4558; x_wconf 83' lang='lat' dir='ltr'><strong>Topogr.</strong></span> <span class='ocrx_word' id='word_1_259' title='bbox 538 4491 610 4543; x_wconf 89' lang='lat' dir='ltr'><strong>urhis</strong></span> <span class='ocrx_word' id='word_1_260' title='bbox 628 4489 722 4542; x_wconf 80' lang='lat' dir='ltr'><strong>homae</strong></span> <span class='ocrx_word' id='word_1_261' title='bbox 740 4489 793 4540; x_wconf 88' lang='lat' dir='ltr'><strong>vol.</strong></span> <span class='ocrx_word' id='word_1_262' title='bbox 813 4488 822 4538; x_wconf 97' lang='lat' dir='ltr'><strong>l</strong></span> <span class='ocrx_word' id='word_1_263' title='bbox 842 4489 856 4537; x_wconf 78' lang='lat'>2</span> <span class='ocrx_word' id='word_1_264' title='bbox 875 4503 898 4552; x_wconf 86' lang='lat' dir='ltr'><strong>p.</strong></span> <span class='ocrx_word' id='word_1_265' title='bbox 918 4487 950 4538; x_wconf 84' lang='lat'><strong>65</strong></span> <span class='ocrx_word' id='word_1_266' title='bbox 961 4501 1013 4551; x_wconf 89' lang='lat' dir='ltr'><strong>sqq.</strong></span> 
     </span>
    </p>
   </div>
   <div class='ocr_carea' id='block_1_5' title="bbox 0 0 1605 5236">
    <p class='ocr_par' dir='ltr' id='par_1_8' title="bbox 0 0 1605 5236">
     <span class='ocr_line' id='line_1_32' title="bbox 0 0 1605 5236; baseline 0 0"><span class='ocrx_word' id='word_1_267' title='bbox 0 0 1605 5236; x_wconf 95' lang='lat' dir='ltr'><strong> </strong></span> 
     </span>
    </p>
   </div>
  </div>
 </body>
</html>
