3180 5236
603 402 823 466 ...35-

138 580 321 662 Malespinii,
349 599 408 660 quo
438 579 502 642 iure
529 579 726 660 supersedere
756 597 932 660 possumus,
967 579 1109 660 quoniam
1139 579 1289 644 Scbclier-

139 683 299 744 llolchorst
310 681 327 741 l.
345 699 368 741 c
385 699 413 760 p.
430 677 472 739 tu
483 699 545 760 sqq.
566 679 648 742 illum
665 697 718 760 per
733 679 867 742 fraudem
885 698 920 741 ex
932 679 1054 742 Villanci
1068 679 1143 742 libro
1158 680 1289 761 exscrip-

139 788 207 844 tum
231 799 296 842 esse
320 777 527 858 probavit¹²⁷).

229 877 374 952 Quoniam
399 877 435 938 de
458 876 592 956 Capitolii
619 875 798 938 testimoniis
827 876 956 938 disserui
984 876 1043 939 iam
1070 883 1162 940 restat
1191 885 1226 940 ut
1253 879 1289 940 de

143 977 318 1040 condicione
330 976 412 1038 urbis
425 993 517 1055 pauca
530 975 618 1036 verba
634 975 750 1037 faciam.
775 975 858 1048 Quae
871 975 942 1054 quin
960 975 1129 1038 allemanie
1145 975 1288 1054 originem
1303 1034 1306 1040 .

142 1077 273 1149 duxerit,
289 1074 412 1136 dubium
429 1091 491 1134 non
507 1083 562 1146 est,
586 1091 654 1135 oum
677 1073 771 1153 ipsius
787 1073 919 1134 vocabuli
935 1075 1031 1135 torma
1046 1075 1124 1138 velut
1140 1074 1289 1150 Faventia,

141 1175 304 1248 Placentia,
323 1173 457 1234 Fidentia
485 1179 660 1250 argumento
685 1173 732 1233 sit.
778 1171 840 1234 Nec
866 1172 964 1234 minus
988 1173 1147 1236 verisimile
1174 1173 1291 1238 videtur

144 1293 211 1336 eam
228 1273 342 1346 urbem,
364 1291 431 1334 curn
448 1271 574 1334 Romani
590 1271 734 1333 coloniam
757 1271 903 1334 deducere
925 1279 1100 1343 statuerent,
1122 1273 1181 1335 iam
1198 1274 1290 1336 exsti·

143 1374 224 1445 tisse‚
240 1391 307 1433 cum
324 1371 428 1432 Florus
444 1371 520 1431 bello
536 1369 611 1432 ciuili
627 1369 757 1432 Mariano
773 1369 850 1432 inter
864 1371 1026 1450 municipia
1042 1371 1141 1434 ltaliae
1156 1372 1289 1454 splendi-

144 1471 268 1533 dissima
291 1469 516 1546 enumeret¹²⁸t
560 1469 754 1530 [leduxerunt
776 1477 875 1530 autem
898 1470 1045 1532 coloniam
1068 1471 1215 1533 triumviri
1226 1471 1288 1548 1²⁹),

143 1579 337 1651 praeceptum
354 1569 485 1630 Caesaris
503 1571 548 1644 (ut
564 1568 656 1630 risum
674 1577 721 1630 est
735 1567 920 1631 Mommseno
937 1569 1039 1648 agrim.
1057 1569 1083 1631 ll
1100 1569 1159 1632 160
1175 1570 1242 1634 edu.
1258 1569 1290 1646 3)

147 1669 276 1730 fortasse
299 1667 433 1728 exsecuti.

640 1843 802 1900 Ravenna.

231 1963 407 2044 Capitolium
423 1964 478 2026 nisi
495 1963 567 2026 actis
583 1983 605 2024 s.
620 1963 806 2044 Apollinaris,
822 1963 910 2044 primi
923 1963 1138 2026 Rauennatium
1151 1965 1290 2047 episcopi,

145 2063 197 2144 qui
219 2063 326 2124 vixisse
348 2064 443 2124 fertur
465 2063 541 2125 circa
564 2082 676 2124 annum
700 2083 729 2143 p.
752 2063 819 2124 Chr.
844 2063 897 2137 75,
927 2081 1075 2144 nusquam
1097 2065 1176 2144 quod
1199 2066 1290 2128 sciam

146 2171 406 2224 commemoratur.
441 2162 531 2224 Cuius
559 2162 652 2224 sancti
678 2162 823 2242 passionis
851 2162 959 2241 duplex
987 2170 1032 2225 est
1058 2160 1169 2236 relatio,
1200 2165 1290 2228 altera

146 2261 264 2322 brevior
290 2280 409 2324 excussa
440 2281 475 2323 ex
503 2261 616 2340 Agnelli
644 2279 698 2322 seu
727 2261 880 2334 Andreae,
918 2260 1031 2322 abbatis
1062 2281 1084 2322 s.
1117 2262 1225 2324 Mariae
1254 2265 1290 2326 ad

146 2359 323 2421 Blachernas
344 2360 419 2421 libro
443 2360 602 2439 pontificali
631 2359 691 2421 sive
719 2378 755 2419 ex
777 2359 842 2420 vitis
868 2359 1043 2437 pontificum
1067 2359 1290 2432 Rauennatium,

146 2477 217 2538 quas
233 2459 408 2520 Bacchinius
426 2477 459 2519 eu
475 2457 649 2520 bibliotheca
665 2457 784 2520 Estensi
800 2465 899 2518 erutas
914 2450 1171 2520 dissertationibus
1187 2460 1289 2522 obser-

144 2557 372 2636 vationibusque
400 2574 457 2618 neo
485 2576 548 2618 non
575 2557 737 2636 appendice
772 2563 1034 2618 monumentorum
1064 2557 1289 2634 illustravit¹³⁰),

148 2657 239 2716 altera
261 2655 380 2716 uberior
403 2655 561 2735 multisque
584 2655 793 2717 additamentis
821 2661 906 2717 aucta
928 2672 1076 2734 anonymo
1100 2657 1290 2732 auctorc¹³¹).

149 2753 289 2830 Agncllus
316 2772 355 2814 cr.
379 2772 490 2815 annum
519 2753 581 2815 805
611 2762 697 2814 natus
725 2753 843 2833 scripsit
870 2753 982 2816 librum
1009 2755 1206 2833 pontificalem
1235 2756 1290 2816 sub

149 2869 261 2912 annum
290 2849 352 2912 839
379 2853 530 2931 amplexus
559 2853 633 2914 vitas
662 2853 837 2932 pontificum
867 2852 902 2914 ab
932 2852 1101 2932 Apollinare
1130 2872 1225 2934 usquo
1255 2856 1291 2916 ad

148 2969 257 3013 annum
274 2947 345 3012 836.
369 2951 504 3023 Quicum
517 2959 593 3014 esset
607 2951 750 3014 barbarus
766 2969 927 3032 rerumque
942 2960 973 3013 et
987 2961 1155 3032 temporum
1171 2953 1291 3032 ignarus

146 3057 245 3112 tamen
261 3050 392 3112 veritatis
414 3051 636 3112 amantissimus
660 3050 809 3130 ,antiquis
832 3050 955 3130 dypticis
978 3052 1141 3132 perspectis
1163 3049 1312 3131 inserip-'

147 3149 277 3210 tionibus
289 3149 454 3229 descriptis,
469 3150 655 3212 basilicarum
668 3149 788 3211 musivis
800 3149 909 3222 relatis,
925 3149 1048 3228 digestis
1060 3149 1147 3211 etiam
1159 3151 1291 3229 quamvis

149 3252 360 3262 --—-—--.

149 3297 202 3350 ciod
220 3300 336 3366 Palcgio,
355 3316 434 3352 overo
453 3301 478 3350 le
496 3290 717 3352 mastralortezza
736 3301 802 3350 della
816 3296 891 3366 cited,
911 3299 1019 3365 equello
1032 3297 1059 3350 in
1072 3299 1097 3350 di
1110 3300 1293 3364 marevigliosa

148 3380 270 3432 bellezza.
306 3380 402 3446 Questo
421 3381 596 3447 Campidoglio
615 3381 642 3432 fu
660 3385 724 3433 dove
743 3380 757 3432 ὲ
775 3381 851 3445 hoggi
869 3381 894 3431 la
907 3382 996 3448 piezza
1012 3381 1038 3430 di
1051 3381 1166 3432 Mereato
1180 3383 1293 3447 vecchio,

148 3463 172 3512 di
190 3469 259 3512 sotto
277 3463 329 3512 alle
348 3461 447 3529 Chiese‚
466 3465 512 3514 che
532 3465 553 3514 sl
572 3465 667 3514 chiama
687 3464 764 3514 Senta
784 3463 866 3513 Maria
885 3463 911 3514 in
930 3463 1131 3529 Campidoglio.“

217 3542 258 3607 ¹²¹)
276 3543 439 3594 Posteriores
457 3559 542 3595 rerum
560 3544 631 3596 Flor.
648 3546 795 3610 ,scriptores
814 3559 870 3594 eum
890 3559 975 3594 omnes
994 3545 1051 3610 plus
1068 3544 1150 3596 minus
1168 3547 1294 3610 pendeant

148 3625 302 3688 eVillaneo,
321 3625 348 3675 in
359 3625 485 3691 Capitolio
500 3626 656 3678 illustrando
671 3627 751 3677 lucen
762 3624 832 3678 ferre
845 3632 980 3692 nequeunt.
1019 3624 1130 3690 Quorum
1143 3641 1174 3676 cn
1188 3641 1292 3676 numero

149 3707 309 3758 nominentur
334 3707 448 3758 Barthol.
473 3708 546 3758 Scala
571 3708 672 3772 (histor.
695 3707 766 3758 Flor.
790 3708 853 3758 libri
872 3708 980 3773 quinque
1004 3723 1042 3773 ap.
1068 3706 1205 3757 Graevium
1226 3708 1292 3756 thes.

150 3788 227 3852 antiq.
262 3786 292 3838 lt.
312 3796 371 3839 tom.
390 3787 455 3852 V111,
473 3789 517 3840 ubi
536 3787 567 3840 ei.
586 3789 630 3840 lib.
649 3789 658 3839 l
677 3789 721 3855 §8
739 3787 893 3854 §tt-37„
912 3787 1022 3850 Poggius
1034 3786 1208 3837 Bracciolinus
1223 3787 1292 3850 (bist.

150 3867 218 3918 Plor.
237 3867 299 3919 libri
318 3877 375 3920 octo
394 3886 433 3936 ap.
453 3870 593 3923 Graevium
611 3872 628 3921 1.
648 3872 696 3934 c.l;
722 3871 835 3933 Angelos
854 3867 999 3918 Politianus
1018 3868 1102 3934 (epist.
1121 3867 1167 3919 lib.
1186 3867 1196 3918 l
1220 3883 1258 3934 ep.
1277 3868 1292 3918 2

150 3949 181 3999 ad
198 3947 300 4002 Petrum
319 3951 486 4016 Medicsnm);
506 3953 638 4016 Uglrellius
657 3951 724 4019 (Ital.
744 3966 809 4002 sacr.
828 3957 888 4002 tom.
907 3948 988 4016 1116).

216 4030 261 4094 ¹¹⁸)
278 4047 335 4098 pag.
354 4034 396 4097 90,
409 4034 442 4084 25
462 4035 512 4099 (ed.
531 4033 667 4099 0.1aun.).

216 4113 259 4176 ¹²⁹)
278 4113 323 4164 lib.
344 4115 393 4165 col.
412 4115 472 4180 213,
485 4116 510 4166 6.
791 4133 793 4137 ·
1220 4169 1221 4172 ,

215 4185 265 4258 ¹⁰⁰t‘
277 4197 342 4263 apud
361 4195 532 4248 Muratorinm
550 4195 608 4246 lter.
627 4195 684 4248 ltal.
705 4213 756 4247 scr.
775 4196 827 4248 vol.
845 4194 867 4246 ll
887 4195 897 4245 1
918 4212 941 4261 p.
955 4193 1057 4244 32-34
1076 4195 1119 4259 (=
1130 4193 1188 4244 Act.
1208 4193 1250 4244 SS.
1267 4193 1294 4244 X

149 4275 205 4328 ltu.
224 4277 274 4328 dul.
292 4277 363 4344 (tom.
385 4279 405 4332 V
424 4295 502 4332 mens.
521 4279 573 4329 lun.
593 4295 616 4344 p.
631 4277 801 4345 350—352l).

216 4360 259 4424 ¹⁸¹)
277 4375 293 4410 a
311 4359 345 4412 lo.
363 4360 436 4413 Pinio
456 4377 489 4412 ex
512 4377 558 4412 ms.
576 4359 698 4412 Fuldensi
722 4376 830 4412 excussa
852 4366 939 4410 exstat
965 4359 993 4410 in
1015 4359 1132 4409 bollandi
1155 4356 1229 4408 Actis
1249 4356 1292 4406 SS.

149 4441 168 4492 l.
186 4457 208 4492 c.
228 4457 250 4506 p.
264 4441 314 4492 444
324 4458 377 4509 sqq.
396 4450 423 4494 et
441 4443 506 4509 apud
525 4435 694 4493 Muratorium
712 4442 729 4492 l.
749 4459 770 4492 c.
790 4441 842 4495 vol.
861 4438 905 4490 12
924 4456 947 4506 p.
967 4439 1064 4505 b2tlsq.

1099 4521 1133 4579 3*
