3180 5236
789 418 1010 480 ...16-

326 582 499 677 persuadet,
534 593 640 656 adduci
665 611 728 656 non
756 611 878 673 possum
908 601 940 654 ut
968 613 1084 674 sequar.
1129 594 1251 656 Minime
1281 596 1360 658 enim
1391 595 1499 658 illum

326 695 500 776 principem,
524 712 591 754 cum
605 710 709 772 pareus
726 711 782 753 nec
796 710 863 753 raro
881 692 1044 754 relevares
1060 693 1152 756 luisse
1168 694 1310 767 tradatur,
1326 695 1383 756 tale
1401 714 1497 774 opus

327 795 363 854 de
391 813 443 855 sua
473 793 597 873 pecunia
626 793 836 854 exstruendum
866 811 984 854 curasse
1013 793 1200 865 crediderim,
1230 793 1341 873 quippe
1362 794 1417 873 qui
1443 813 1496 854 ne

326 892 437 953 Romae
466 893 584 972 quidem
614 909 703 971 opera
736 891 891 970 magnilica
925 890 1137 970 perficeret²³).
1182 892 1240 952 Sed
1268 900 1337 953 utut
1365 912 1414 954 res
1450 913 1494 954 se

326 991 423 1064 habet,
447 993 502 1052 hoc
519 1000 645 1063 constat,
668 989 779 1052 Tiberii
801 998 895 1052 aetate
918 991 1033 1069 Capuae
1055 991 1198 1071 templum
1223 991 1297 1052 lovis
1320 991 1494 1072 Capitolini

325 1089 487 1164 fuisse²⁹·).
522 1089 564 1150 Ex
588 1089 651 1151 Silii
673 1089 769 1150 verbis
786 1089 890 1150 Castan
914 1109 942 1168 p.
959 1089 1009 1150 65.
1034 1091 1073 1150 75
1096 1091 1161 1151 loco
1184 1090 1309 1152 editiore
1329 1091 1491 1171 templum

327 1190 446 1250 stetisse
474 1189 625 1250 concludit
652 1206 749 1268 neque
777 1189 860 1248 aliter
882 1188 992 1248 iudicat
1014 1185 1241 1268 Belocbius²⁹”).
1289 1189 1349 1268 Ego
1371 1199 1489 1252 contra

325 1307 421 1349 meras
456 1305 519 1348 esse
553 1305 647 1366 nugas
681 1295 761 1366 puto,
794 1286 887 1364 siquis
922 1306 957 1348 ex
985 1295 1090 1366 poetae
1125 1287 1221 1348 verbis
1251 1287 1323 1350 illud
1356 1289 1488 1350 efficere

326 1387 406 1448 velit.
445 1386 534 1446 Silius
557 1386 636 1446 enim
661 1385 814 1448 materiam
832 1385 1001 1446 historicam
1025 1406 1060 1448 ex
1076 1387 1158 1447 Livio
1182 1387 1387 1466 depromptam
1412 1387 1488 1448 suis

326 1485 420 1564 ipsius
443 1485 664 1546 inventionibus
688 1484 811 1565 poeticis
834 1484 953 1546 miscuit
975 1494 1063 1565 atque
1086 1495 1261 1546 ornamento
1278 1486 1485 1565 mythologice

329 1603 364 1646 er
380 1583 503 1662 Vergilio
528 1584 684 1646 maximam
702 1593 814 1662 partem
839 1585 946 1644 hausto
969 1602 1024 1646 nec
1045 1603 1113 1646 raro
1130 1585 1206 1646 male
1221 1584 1352 1646 adhibito
1368 1585 1486 1646 detur-

329 1683 408 1762 pavit
420 1696 506 1761 atque
515 1679 706 1760 conludit³⁰).
722 1682 825 1760 ltaque
837 1682 908 1742 illud
922 1682 999 1742 Silii:
1017 1692 1205 1753 „monstrant
1217 1684 1356 1762 Capitolia
1369 1683 1484 1756 celsa“,

327 1801 394 1842 cum
418 1789 533 1860 spectet
555 1782 592 1842 ad
617 1781 720 1860 Vergil.
766 1782 841 1842 den.
864 1782 882 1842 l.
908 1781 970 1840 Vlll
993 1781 1071 1842 653:
1095 1783 1211 1854 „stabat
1234 1802 1287 1864 pro
1311 1783 1422 1862 templo
1448 1791 1483 1842 et

331 1880 471 1960 Capitolia
487 1879 562 1940 celsa
578 1879 730 1950 tenebar‘,
753 1879 801 1940 ille
817 1888 902 1958 poeta
919 1879 1006 1942 nobis
1029 1881 1114 1941 testis
1136 1881 1387 1962 locupletissimus
1410 1901 1483 1944 esse

327 1980 439 2059 nequit.
476 1979 596 2040 Accedit
613 1979 691 2058 quod
715 1979 835 2059 antiqua
852 1980 949 2058 Capua
973 1989 1036 2040 erat
1051 1988 1111 2040 tota
1127 1981 1159 2042 iu
1176 1981 1305 2060 planitie,
1329 1981 1379 2042 ubi
1395 1998 1482 2042 nunc

328 2080 359 2140 S.
382 2077 472 2138 Maria
496 2078 525 2138 di
542 2077 648 2157 Capua,
673 2097 731 2157 quo
755 2079 788 2138 fit
811 2086 844 2139 ut
861 2078 1038 2160 Capitolium
1062 2079 1093 2140 in
1109 2081 1232 2160 planitie
1255 2081 1347 2142 luisse
1370 2099 1481 2142 cense-

326 2197 420 2240 amus.
466 2177 608 2238 Perverse
631 2185 732 2238 autem
755 2177 910 2238 Belocbius
933 2169 1078 2256 templum
1102 2179 1133 2240 in
1157 2180 1272 2240 excelso
1295 2179 1359 2238 loco
1381 2177 1480 2238 luisse

326 2297 395 2340 eum
418 2277 490 2338 Silio
514 2285 635 2338 auctore
657 2276 712 2338 sibi
737 2277 909 2356 persuadeat
931 2294 1030 2356 neque
1053 2277 1130 2338 intra
1153 2277 1252 2356 oppidi
1269 2297 1370 2340 muros
1392 2277 1479 2338 collis

328 2377 504 2459 reperiatur,
528 2377 600 2438 illud
613 2383 694 2436 extra
711 2375 815 2436 urbem
831 2376 862 2436 in
878 2375 998 2436 Tifatini
1015 2376 1123 2438 montis
1138 2377 1285 2438 radicibus
1301 2377 1477 2456 ponendum

326 2476 431 2540 statuit
440 2473 488 2556 82).
534 2475 620 2547 Quod
644 2495 703 2554 quo
728 2475 833 2536 melius
855 2475 961 2553 probet
983 2473 1128 2546 Tacitum,
1151 2474 1202 2554 qui
1228 2475 1374 2556 templum
1397 2476 1477 2554 apud

327 2577 455 2655 Capuam
480 2574 541 2634 lovi
563 2573 712 2634 Tiberium
746 2574 898 2636 dedicasse
929 2573 977 2646 ait,
1008 2573 1044 2633 ad
1073 2581 1171 2652 partes
1200 2591 1269 2635 suas
1300 2583 1392 2636 vocat.
1437 2575 1477 2634 At

325 2675 373 2736 ille
390 2693 456 2734 cum
474 2673 546 2734 dicit
562 2673 706 2752 „apud“
729 2673 857 2753 Capuam
873 2672 951 2733 idern
968 2671 1207 2752 significatquod
1224 2673 1394 2744 Suetonius,
1417 2672 1435 2733 i.
1450 2692 1477 2734 e.

326 2774 456 2853 Capuae3
479 2771 699 2852 praepositione
723 2771 802 2834 enim
819 2772 901 2856 apud
929 2771 1101 2849 saepissime
1129 2771 1232 2843 utitur,
1264 2771 1313 2832 ubi
1341 2791 1395 2832 nos
1423 2791 1477 2832 ex-

327 2881 528 2952 spectaremus
544 2871 631 2944 „in“
655 2879 707 2932 aut
722 2872 753 2932 in
771 2870 941 2932 nominibus
958 2869 1135 2948 oppidorum
1152 2871 1317 2932 secundum
1332 2890 1476 2950 praecep-

327 2981 392 3032 tum
423 2968 651 3050 genetivum⁸³).
697 2970 778 3042 Quae
808 2969 911 3048 opinio
943 2987 1031 3048 quam
1059 2969 1131 3030 falsa
1159 2969 1198 3030 sit
1227 2971 1291 3030 solo
1322 2989 1358 3032 ex
1380 2969 1472 3030 inter·

395 3089 825 3155 mmmmmffiess

395 3173 439 3236 ²⁹⁸)
457 3173 544 3238 Neque
571 3188 634 3224 vero
658 3173 717 3238 quid
741 3171 791 3222 sibi
815 3171 882 3222 velit
905 3171 1038 3220 Belochius
1057 3171 1189 3236 intelligo,
1213 3187 1267 3222 eam
1290 3179 1393 3222 censeat
1414 3172 1474 3223 indo

326 3257 391 3323 quod
416 3257 496 3306 Silius
523 3255 618 3306 bellum
641 3253 763 3304 Punicum
786 3253 934 3304 describens
958 3252 1080 3319 Capitolii
1102 3253 1261 3317 meminerit,
1289 3253 1353 3304 illud
1376 3254 1473 3319 Capuae

325 3334 1473 3403 ffimmwmmmmmmwmmMmmmmstmmm

327 3421 461 3470 tenendum
485 3419 643 3485 temporibus
667 3417 765 3483 Capuae
787 3417 887 3468 liberae
910 3417 1064 3483 Capitolium
1088 3417 1221 3467 exstitisse
1244 3432 1259 3466 a
1281 3417 1353 3466 nullo
1373 3419 1472 3466 deman-

327 3503 511 3568 mmmm

394 3584 439 3644 ²⁹¹²)
458 3583 537 3634 Liber
556 3583 612 3632 eins
630 3582 799 3632 inscribitur:
818 3581 1003 3648 Topographie‚
1023 3581 1174 3632 Geschichte
1192 3582 1242 3630 und
1255 3580 1340 3631 Lebcn
1358 3583 1404 3635 der
1416 3580 1470 3632 Um-

326 3662 1269 3732 mmNmmmMmmffimffiwvmmmmnffl

394 3752 424 3813 ⁸⁰)
444 3747 476 3799 ei.
501 3748 535 3798 lo.
560 3745 757 3798 Schlichteiseni
784 3747 992 3798 dissertationem
1019 3748 1049 3798 de
1076 3745 1124 3795 fide
1148 3745 1273 3796 historica
1304 3745 1363 3796 Silii
1389 3745 1458 3796 Italic

325 3831 490 3897 (liegimantii
508 3847 531 3880 a.
552 3830 638 3886 1881).

395 3915 426 3977 ⁸¹)
446 3911 478 3963 of.
498 3912 550 3962 Cic.
570 3913 593 3962 d.
612 3911 670 3974 lege
687 3927 742 3975 agr.
761 3909 783 3962 ll
801 3928 822 3961 c.
842 3911 874 3961 35
891 3909 953 3976 §96
972 3911 1057 3976 Capua
1075 3909 1224 3976 planissimo
1238 3909 1263 3959 in
1275 3909 1333 3966 loco
1346 3909 1470 3976 explicata

326 4011 356 4047 aa
375 3994 579 4063 praeclarissime
598 3993 656 4043 sita.

395 4079 425 4138 ”t
445 4076 478 4128 ci.
488 4078 506 4128 l.
517 4094 537 4127 c.
549 4093 571 4142 p.
583 4076 645 4126 360:
664 4077 709 4126 das
718 4073 823 4142 llapitol
840 4077 883 4140 lag
892 4077 946 4127 also
962 4074 1109 4128 auiserhalb
1119 4073 1165 4124 der
1174 4072 1257 4122 stadt.
1293 4073 1342 4123 Eia
1352 4071 1383 4124 lt.
1393 4074 1417 4124 in
1426 4074 1469 4123 der

327 4161 415 4212 llbeue
433 4160 533 4210 ldnnan
551 4159 601 4208 wir
619 4173 666 4208 uns
686 4175 735 4208 nun
754 4160 854 4208 schwer
872 4158 1023 4222 vorstellen‚
1042 4157 1092 4206 und
1110 4157 1136 4205 in
1155 4156 1202 4206 der
1219 4153 1285 4204 Tbat
1302 4157 1409 4218 bezeugt
1424 4171 1467 4205 aas

325 4243 405 4293 Silius
433 4242 474 4293 die
501 4241 570 4304 Lege
597 4239 642 4291 auf
665 4241 738 4292 einer
768 4241 844 4290 llo'he.
884 4240 931 4290 Die
959 4241 1062 4289 aichste
1082 4238 1219 4303 Erhdhung
1245 4238 1290 4288 des
1308 4239 1405 4288 bodens
1429 4236 1467 4286 bei

326 4325 410 4390 Capua
429 4325 486 4374 sind
505 4324 566 4374 aber·
584 4323 625 4374 die
644 4323 775 4386 Vorhiigel
793 4323 836 4372 des
856 4320 956 4384 Tifata,
980 4321 1030 4370 und
1048 4321 1149 4370 hierbin
1173 4321 1239 4370 wird
1257 4320 1313 4370 also
1331 4319 1376 4369 das
1395 4317 1422 4369 li.
1439 4334 1467 4368 zu

326 4416 412 4458 setzen
432 4407 496 4457 sein.

396 4489 429 4556 ³³)
446 4487 494 4538 llic
516 4487 715 4555 praepositionis
741 4501 802 4536 usus
825 4501 874 4536 non
899 4485 1028 4552 reperitur
1052 4485 1080 4535 in
1099 4483 1183 4534 Taciti
1201 4483 1309 4550 scriptis
1325 4483 1465 4544 minoribus,
